2359 3975
256 467 307 548 ‘40
406 453 601 526 Paron
627 451 844 523 Rusrtcr

257 575 368 641 Deficit,
388 578 412 624 bt
425 573 511 623 baculo
524 576 606 638 primis
620 588 670 622 non
683 571 744 622 fulta
758 572 800 621 sub
814 570 883 620 annis

257 651 343 703 Planta
355 666 436 702 manet
450 664 580 710 contorta,
595 651 664 700 Noto
677 650 716 700 rel
730 650 784 699 lasa
798 651 911 714 procacia

256 727 327 778 Hanc
338 727 400 778 flexi
410 730 499 777 cervice
516 725 583 778 videt
596 742 698 787 nutare,
713 729 826 793 gravique

256 804 356 856 Vertere
369 803 454 856 fronde
467 805 564 865 solum,
579 815 623 854 nec
636 821 708 870 opem
723 803 834 868 dignatur
848 805 954 856 amicant

256 883 325 934 Ferre
338 883 476 943 laboranti,
494 899 659 950 queraumque
673 880 801 947 adjungere
814 881 917 946 palum,

177 961 180 968 '
256 959 306 1020 Qui
316 960 426 1026 fragilem
439 960 543 1010 trucibus
556 959 664 1024 plantam
677 956 791 1009 defendat
803 958 833 1007 ab
844 957 943 1009 Austris.

255 1032 302 1101 lpli
316 1034 376 1086 adeo
389 1072 397 1096 ,
413 1038 503 1086 miseris
515 1035 609 1086 dudum
621 1033 638 1086 fi
648 1034 755 1101 praefidet
766 1038 847 1095 arvis,

254 1112 394 1180 Depereunt
408 1114 507 1172 fontes,
523 1113 668 1166 sterilescunt
679 1128 746 1178 prata
760 1131 768 1172 ς
782 1102 885 1178 jacentes
939 1162 942 1167 ,

255 1190 370 1241 Destituit
382 1191 455 1240 colles
467 1195 554 1242 humus
566 1192 616 1256 ipsa
627 1191 773 1240 trahentibus
784 1188 870 1240 undis:

255 1266 334 1332 Atque
347 1267 387 1316 ubi
399 1265 451 1330 post
462 1265 555 1332 aliquot
563 1264 648 1316 villam
660 1265 811 1315 infamaverit
822 1281 917 1324 annos,

255 1345 335 1395 Lirem
348 1361 391 1409 pro
406 1342 475 1408 padi
489 1341 559 1393 fundi
572 1341 683 1392 mercede
697 1342 820 1408 relinquit.

288 1421 357 1470 Hauc
367 1437 463 1486 quoque
473 1419 531 1486 saepd
544 1417 594 1470 dati
603 1423 669 1486 prior
679 1435 782 1485 occupat
791 1423 841 1470 aerir
852 1418 949 1473 acerbur

255 1496 389 1558 Creditur,
406 1501 430 1548 bc
444 1493 514 1548 millo
529 1496 616 1562 spoliat
633 1498 714 1547 liuore
728 1497 853 1548 colonum.

255 1579 362 1632 servatas
373 1579 447 1628 hiemi
460 1578 547 1642 segetes
564 1580 588 1626 bc
602 1578 676 1636 vina,
691 1576 798 1638 lebetes,

255 1653 291 1708 Ac
305 1657 439 1716 thalamos,
454 1659 478 1706 δι
494 1671 554 1723 quos
568 1653 647 1705 alieno
661 1655 763 1705 Villicus
777 1671 835 1704 auro

254 1733 353 1784 Emetat
359 1769 367 1795 ‚
384 1731 415 1784 ad
425 1733 515 1782 tristem
526 1731 593 1784 videt
602 1733 650 1781 heu
660 1732 667 1779 l
679 1747 736 1780 cum
746 1731 852 1780 curribus
861 1731 954 1782 hastam

255 1811 321 1873 Stare
335 1810 427 1869 boves,
443 1812 545 1872 votique
560 1824 629 1856 nore
642 1823 721 1872 parere
737 1822 871 1872 coemptos.

252 1885 341 1940 Nudus
353 1903 428 1952 opum
440 1883 514 1936 nudas
530 1886 618 1948 repetit
631 1881 789 1932 moestiffimut
803 1882 887 1945 eder,

232 1997 233 2000 =
254 1965 277 2017 E
291 1965 376 2033 quibus
391 1979 453 2029 tegra
468 1961 542 2012 famer
557 1962 652 2027 abigit,
670 1962 756 2012 servire
770 1965 880 2013 coactum

254 2045 305 2106 Qui
319 2042 415 2093 famulis
428 2040 506 2106 legem
517 2037 614 2089 dederat
625 2057 632 2088 t
645 2040 800 2090 memorabile
811 2045 885 2107 pigris

253 2120 398 2187 Exemplum
413 2117 468 2169 dein
480 2116 618 2181 Agricolis,
636 2132 663 2166 ut
678 2133 757 2166 amare
774 2118 902 2180 laborem,
926 2133 935 2137 ·

256 2201 333 2267 lnque
347 2201 393 2248 suis
407 2198 512 2247 nummis
529 2199 554 2245 bt
568 2193 637 2260 parci
649 2198 729 2246 vivere
745 2194 847 2263 discant.

182 2273 187 2281 ’
287 2279 430 2329 Fortunatus
444 2290 498 2339 ager
512 2272 674 2341 longo-quem
688 2272 790 2323 Villicur
803 2278 847 2324 usu

255 2358 349 2416 Novit,
366 2358 390 2405 bc
405 2367 497 2403 exercet
511 2348 588 2401 multi
605 2366 661 2405 cunr
674 2349 762 2415 prole;
777 2354 878 2419 suosque

254 2433 319 2484 Ditis
332 2449 388 2483 avos
403 2428 473 2481 dandi
485 2444 612 2478 numerans
624 2430 753 2497 atavofque
767 2430 888 2492 colonos,

254 2512 320 2573 Huic
331 2512 408 2575 patrio
423 2504 487 2573 quali
501 2510 551 2571 jure
567 2505 648 2569 praeest
661 2522 668 2553 r
682 2522 726 2559 nec
739 2510 821 2571 junior
831 2524 886 2558 atas

162 2634 164 2639 .
212 2650 215 2657 Ι
255 2588 403 2652 Praecipitem
415 2584 505 2641 faciat,
522 2597 599 2645 neque
610 2578 705 2630 tardum
718 2585 785 2648 pigra
798 2587 918 2637 senemr„

256 2667 368 2731 Namque
381 2661 452 2712 senile
467 2657 524 2709 licit
540 2656 665 2707 uastandis
682 2665 793 2725 congruit
806 2667 867 2728 agris

256 2744 398 2808 imperium,
404 2746 564 2809 juvenumque
572 2754 666 2799 manus,
672 2754 754 2790 tamen
758 2741 833 2807 usqud
842 2758 976 2810 repugnant

257 2818 380 2885 Obsequio
393 2816 498 2876 famuli,
517 2816 556 2864 seu
567 2817 647 2881 junior
661 2830 717 2863 arra
731 2817 866 2880 gubernet,

257 2901 310 2950 Sive
322 2902 391 2948 senex
404 2916 410 2947 ε
424 2898 483 2947 alius
497 2893 564 2962 qudd
576 2911 627 2945 nou
639 2895 699 2944 bene
711 2898 834 2960 precipit,
847 2896 908 2945 alter

256 2974 330 3038 Quod
341 2976 402 3025 nihil
415 2978 537 3041 exequitur
550 2993 556 3023 r
571 2990 628 3023 nam
640 2974 693 3040 plur
707 2974 816 3038 exempla
829 2974 936 3039 jubentia

258 3055 340 3117 Quint
351 3068 467 3125 precepta
476 3053 577 3115 ualent,
591 3057 617 3105 bc
631 3058 691 3102 turis
704 3055 730 3104 in
741 3066 791 3109 arte
804 3049 903 3105 colendi
947 3089 951 3096 -
