2359 3975
332 473 402 546 260
466 474 668 547 Pannrr
695 477 927 549 Rusrrcr

362 591 434 641 Nunc
446 608 488 658 age
500 596 542 658 qui
558 611 637 644 mores
649 629 658 655 ,
669 612 728 662 ¹quae
746 594 775 645 stt
791 611 879 646 natura
896 597 1015 646 columble

328 667 480 734 Erpediam,
497 670 585 720 levium
603 671 734 737 speriacula
749 671 852 736 grandia
867 689 959 722 rerum.

328 742 395 795 Nam
412 748 468 796 solae
483 746 567 810 iiivis,
582 752 712 800 hominum
728 748 759 799 de
776 766 868 811 mort,
889 751 978 800 relidit

329 819 411 871 Vitam
422 828 513 889 agitant
523 824 592 876 fimul
605 845 612 886 ς
628 843 699 894 atque
710 841 737 877 ut
747 829 840 878 babent
850 832 992 879 communia
1002 830 1053 877 cim

329 900 444 967 Oppida,
463 901 494 952 stc
509 904 557 954 illae
572 909 692 957 consortia
710 909 770 956 teda
788 906 955 973 frequentant.

329 982 361 1028 At
376 979 437 1028 nulli
454 981 584 1043 Proceres,
603 983 664 1033 nulli
679 983 788 1048 placuere
804 984 939 1046 Tyranni,

330 1056 378 1117 Qui
396 1056 516 1122 reliquum
529 1059 615 1124 vulgus
633 1057 694 1108 duri
708 1061 750 1108 sub
768 1059 821 1124 lege
839 1073 959 1110 tenerent.

362 1132 408 1184 Sed
422 1133 489 1185 velut
504 1138 530 1184 in
545 1139 622 1200 prima
637 1137 754 1186 nascentis
768 1139 863 1200 origine
877 1135 988 1197 mundi,

329 1209 395 1262 Ctlnr
406 1212 518 1262 scelerata
530 1229 621 1264 trucem
633 1214 743 1264 nondum
756 1213 886 1264 Discordia
899 1215 996 1265 vultum

328 1288 472 1348 Extulerat,
490 1308 568 1356 neque
581 1293 648 1341 Mars
662 1294 747 1342 raſtros
763 1307 869 1342 mutarat
883 1295 912 1342 in
927 1294 1011 1352 enses,

327 1365 380 1415 Nec
392 1366 466 1415 scelus
477 1365 584 1418 ediderat
598 1371 655 1432 Styx
668 1369 765 1419 horrida
777 1388 785 1428 3
801 1371 904 1436 quisque
920 1385 1029 1437 paternus

328 1441 444 1493 Exercent
459 1460 547 1509 agros,
564 1445 633 1495 nullo
649 1446 724 1497 livore
742 1446 830 1496 feraces

329 1521 431 1571 Alterius
447 1523 554 1587 segetes,
569 1526 695 1590 vicinaque
708 1540 762 1572 rura
776 1521 895 1573 videbare

329 1598 400 1650 Haud
411 1601 476 1650 secus
485 1603 608 1649 unanimes
619 1635 627 1660 ,
646 1604 671 1648 in
682 1599 765 1650 eadem
778 1615 842 1650 turre
854 1599 980 1651 columba

330 1677 449 1727 Innocuos
462 1675 509 1726 fine
526 1677 578 1742 lege
592 1675 662 1738 dies,
680 1675 728 1726 fine
742 1681 842 1728 crimine
859 1676 965 1728 ducunt.

362 1753 480 1802 Omnibus
495 1770 541 1802 una
556 1751 643 1803 domus
651 1787 660 1814 ,
675 1770 728 1819 quae
743 1755 794 1804 sola
808 1757 928 1818 impervia
942 1759 1000 1804 rixis

327 1827 469 1889 Permanet,
480 1847 539 1879 unus
549 1831 608 1878 inest
619 1847 686 1880 amor
696 1833 824 1890 omnibus,
835 1847 883 1880 una
893 1833 1011 1882 voluntas
1020 1849 1028 1892 3

329 1901 361 1951 Et
377 1920 429 1969 qua
446 1907 505 1969 sape
522 1905 573 1954 fero
588 1905 690 1970 populor
706 1903 923 1984 Discordiamotu*

329 1979 460 2047 Exagitat,
477 1998 609 2047 numquam
627 1979 735 2031 civilibus
750 1983 801 2031 otia
817 1980 887 2030 bellis

329 2057 446 2108 Turbavit
459 2057 555 2122 Cypria
568 2058 693 2117 volucria
710 2074 753 2107 net
768 2056 849 2107 dulcia
863 2062 931 2123 pacis

328 2134 432 2186 Vincula
443 2172 451 2197 ,
469 2137 544 2201 plebit
555 2152 625 2201 agenr
636 2150 742 2187 mentem
753 2138 779 2185 in
789 2134 882 2185 diversa
894 2172 903 2196 ,
920 2139 1030 2189 resolvit.

361 2212 413 2264 Nec
429 2211 505 2263 modo
520 2216 608 2279 pacatis
626 2211 784 2277 penetralibus
801 2229 868 2262 arma
885 2217 1015 2280 quiescunt

329 2287 435 2347 civitat
450 2287 490 2339 sed
503 2288 606 2338 studium
624 2303 662 2338 tot
676 2290 851 2339 convictoribus
867 2306 945 2340 unum
960 2293 1014 2342 est:

329 2365 466 2416 Tutmatirn
484 2366 615 2431 longinqua
627 2364 711 2415 volant
728 2364 759 2415 ad
774 2367 860 2431 pascua
877 2385 883 2414 ι
899 2366 1019 2429 fontem,

329 2444 354 2493 si
370 2441 419 2492 litit
436 2460 502 2501 una,
518 2456 603 2507 petunt
618 2458 702 2491 omnes
719 2459 725 2489 ε
743 2440 760 2490 fi
776 2445 837 2491 testa
852 2443 956 2504 revifit,

330 2518 402 2568 Tella
417 2518 511 2583 placent
527 2535 533 2568 t
549 2534 601 2568 tum
615 2518 632 2568 fi
647 2520 721 2567 tristes
736 2520 832 2583 pertaesa
848 2536 947 2585 penates

329 2594 391 2643 Arva
407 2597 468 2659 petit
482 2596 578 2653 rursm,
596 2594 722 2645 volucrum
739 2611 780 2659 per
795 2598 877 2645 inania
891 2599 967 2649 nubes

328 2668 394 2719 Pone
408 2669 490 2727 subit,
508 2683 610 2736 totoque
624 2669 691 2719 volat
704 2667 836 2718 denfiffima
851 2670 916 2720 coelo
929 2707 937 2731 ‚

329 2744 385 2805 Qui
401 2744 448 2796 dux
464 2762 565 2811 cumque
580 2750 646 2795 viam
662 2746 777 2795 monstrat
790 2764 796 2793 =
813 2744 830 2795 fi
846 2749 1026 2813 segniorum,

329 2818 375 2867 Vel
391 2821 464 2877 testi,
483 2818 521 2867 vel
536 2819 610 2883 prolis
625 2835 725 2878 amane,
744 2835 825 2869 comes
840 2823 875 2869 ire
891 2824 996 2883 recuset,

329 2892 392 2946 Huic
408 2898 503 2963 reliquae
516 2895 584 2945 nulla
598 2894 667 2945 nidos
684 2894 814 2947 formidine
831 2897 953 2960 credunt,

329 2971 388 3023 Nou
398 2972 528 3035 fraudem,
544 2989 595 3024 non
610 2970 705 3023 infidias
715 3004 731 3037 ,¹
742 2989 794 3025 non
809 2973 876 3025 furta
890 2979 1000 3029 timenter
1012 2995 1029 3051 ·‚¹
