2359 3975
290 450 332 533 18
406 457 612 529 Pnenrr
638 455 862 527 Rvsrrcr

283 580 385 631 Pulchra
406 568 451 629 situ
468 575 568 629 frevilla
589 594 598 636 3
616 578 685 625 suurn
700 591 745 625 nec
759 572 845 624 debeat
860 572 906 623 ard

282 656 443 724 impensisque
459 654 545 716 decus,
557 670 684 704 nemorum
701 652 742 703 sed
757 650 867 702 dulcibus
883 651 994 712 umbris,

283 732 315 785 Et
331 738 401 796 rivo,
418 738 459 802 qui
475 748 541 799 prata
557 749 632 798 vagus
647 748 688 797 per
705 746 820 791 amna,
836 744 952 795 penatum

282 813 394 864 AEternos
413 810 511 861 modico
528 812 623 875 sumptu
644 824 738 859 tueatur
757 810 868 857 honores.

315 892 415 941 VicInos
435 889 491 955 finge
506 898 643 947 torrentes,
666 890 691 935 δι
707 886 778 935 strata
791 889 885 935 viarum

283 956 382 1013 Publica
400 978 408 1021 3
424 962 549 1027 planitiem
566 978 596 1011 ne
615 959 772 1025 depopuletur
790 972 896 1024 apertam

282 1037 428 1089 Praedonum
446 1039 485 1089 vel
506 1056 574 1089 avara
592 1055 696 1099 manus,
711 1037 751 1088 vel
766 1038 835 1086 tristis
852 1052 972 1102 aquarum

283 1117 386 1169 Eluvies.
405 1119 476 1168 Juvat
495 1122 520 1167 bc
541 1121 624 1167 tacitas
644 1117 728 1183 procul
747 1113 794 1166 esse
812 1114 930 1181 paludes:

183 1240 185 1243 .
282 1191 355 1246 Virus
370 1198 452 1255 enim,
471 1196 615 1261 morbosque
629 1195 696 1260 palus
710 1197 798 1243 erudiat
812 1197 898 1242 inertes
911 1210 921 1252 ι
1023 1212 1028 1218 ·

284 1274 389 1324 Servetas
410 1275 484 1323 hiemi
503 1272 581 1337 fruges
599 1276 625 1322 bc
642 1273 739 1338 agrestia
755 1274 830 1337 longo

283 1346 480 1414 inquinatarum
500 1345 545 1396 sitii
564 1365 571 1395 t
588 1347 687 1396 nebulas
703 1348 824 1411 exspirat,
842 1347 869 1394 bt
887 1343 964 1395 alinea

283 1423 404 1475 interimit
418 1426 508 1490 ,segetes
526 1436 534 1485 3
554 1434 672 1490 trinoque
684 1438 766 1473 creata
778 1425 869 1489 tepenti
1039 1426 1044 1440 “

282 1495 368 1547 armar
385 1499 411 1546 in
428 1500 544 1547 humanos
565 1497 666 1547 stimulis
681 1497 794 1547 animalia
812 1495 913 1557 vnltne3

283 1574 452 1643 Ranarumque
470 1590 550 1641 greges
568 1575 654 1625 limosa
671 1573 752 1625 educit
766 1576 797 1625 ab
813 1572 870 1626 ulva

283 1652 363 1704 Prisca
377 1666 502 1704 coaxantes
519 1654 603 1720 patulo
620 1657 729 1704 convicia
744 1654 803 1702 risiu

283 1724 345 1787 Quae
358 1730 486 1789 recinunt,
499 1726 599 1792 placidis
613 1744 670 1792 gens
686 1726 832 1777 infestiffirna
847 1726 948 1779 somnis·

317 1802 370 1853 Nec
384 1803 457 1853 lateat
474 1818 548 1853 cacas
563 1807 627 1853 intra
643 1802 731 1853 domus
748 1802 829 1854 abdita
844 1804 935 1855 velletr
1016 1829 1021 1837 ·

284 1876 415 1931 Maluerim
432 1894 528 1944 patrum
543 1882 591 1929 ritu
608 1881 677 1945 snper
690 1878 764 1929 ardua
780 1884 870 1931 montis

284 1954 419 2018 eulmina,
436 1957 558 2021 suspensos
572 1957 707 2024 aquilamnr
724 1975 792 2010 more
807 1973 903 2025 penates

283 2032 398 2099 institui,
414 2032 547 2100 validisque
564 2033 617 2084 dari
632 2034 736 2086 ludibria
750 2040 848 2096 ventls;

285 2111 368 2172 Quem
385 2129 459 2164 curvo
475 2114 518 2161 sub
536 2113 600 2164 colle
617 2119 683 2180 gravi
700 2130 793 2181 torpere
808 2113 915 2181 pminde

283 2188 439 2256 AEsuroque,
458 2190 520 2240 feros
534 2207 590 2240 cum
610 2193 683 2241 Sirius
700 2196 792 2242 evomit
806 2195 894 2258 ignes,
1021 2189 1028 2202 ²

284 2267 341 2318 Sole
362 2272 434 2337 coqui
453 2287 461 2330 ς
479 2267 553 2320 nullis
569 2269 652 2320 esbern
668 2271 799 2321 solantibus
819 2275 890 2322 auris.

311 2345 382 2413 ‚Ergo
400 2348 482 2414 locum
500 2351 599 2415 capies,
617 2352 658 2415 qui
675 2366 720 2399 nec
737 2347 863 2414 depreffior
877 2350 944 2402 unda

284 2421 384 2486 stagnei
399 2425 425 2470 in
441 2423 560 2483 hiberna,
575 2439 620 2472 nec
637 2423 739 2472 tristibus
754 2425 850 2472 horreat
864 2422 955 2472 Austris

284 2494 400 2558 Mitior,
417 2513 494 2564 neque
509 2513 640 2564 praeruptus
660 2498 721 2548 fluat
737 2501 814 2548 imbre
831 2517 840 2559 ς
858 2498 899 2550 fed
915 2498 968 2551 lm&

284 2572 333 2624 Vel
350 2571 382 2624 fic
399 2573 462 2624 valle
479 2573 553 2624 latens
571 2573 694 2635 subsidet,
710 2591 739 2626 ut
755 2581 809 2626 ae'rt
824 2574 906 2625 lemni

284 2650 395 2716 Accipiat
410 2669 419 2712 3
434 2652 473 2702 vel
489 2651 521 2702 sic
535 2670 646 2704 montem
665 2655 791 2720 consurget
806 2657 832 2702 in
849 2653 947 2714 altum,
1023 2681 1027 2686 -

285 2727 380 2780 Montis
399 2743 426 2780 ut
443 2729 539 2781 alterius
553 2730 664 2781 defensus
682 2731 787 2781 culmine
798 2764 807 2793 ,
820 2733 898 2781 ventis

286 2805 346 2858 Non
360 2812 459 2874 rigeant
477 2808 508 2859 sec
529 2808 629 2875 planitie
645 2806 765 2868 diffusus,
783 2822 811 2858 ut
826 2810 914 2860 imbres
938 2827 947 2836 ·

286 2883 407 2936 Hibernos
425 2888 523 2938 fallente
538 2903 610 2954 queat
626 2885 741 2937 deducere
756 2888 829 2938 clivo.

320 2960 417 3026 Pinguis
434 2964 475 3012 ubi
494 2962 565 3012 molli
580 2959 665 3012 sensim
683 2977 760 3013 tumet
776 2961 839 3012 edita
854 2960 947 3026 dorso,

278 3029 321 3088 'Et
336 3035 428 3105 tepidos
446 3038 515 3090 tellus
530 3037 626 3092 modice
643 3037 794 3093 deflebit-ad
809 3039 923 3103 Annos,
1012 3063 1025 3072 ”
