2359 3975
276 474 326 535 'ro
397 458 607 531 Panorr
632 460 851 531 Rurrrcr

275 580 399 647 lliceisque
416 580 496 629 lutum
514 578 598 629 formis
614 577 670 629 dein
689 578 764 628 molle
781 578 900 644 figurant,

257 651 396 709 ¹AEthereas
413 652 486 719 plano
502 654 569 716 super
587 668 681 717 aquore
698 650 769 702 siccet
786 651 817 701 ad
833 668 911 702 auras.

273 728 431 796 Aggrediatur
445 746 524 795 opus,
541 730 580 780 vei
601 730 656 780 crim
672 734 722 797 jam
740 734 845 797 praeterit
858 730 935 780 AEstae

273 808 355 875 Usque
368 811 410 858 sub
425 810 541 859 Autumni
555 804 648 869 finem,
665 810 704 859 vei
721 812 798 859 rursus
815 811 900 859 abasiir

272 885 429 953 Frigoribus,
448 886 505 937 crim
519 888 567 936 Ver
584 889 688 952 zephyro
704 886 818 938 laxaverit
833 902 933 937 annum.

274 964 332 1023 Non
350 967 403 1014 saris
420 966 520 1014 hiberno
541 962 657 1013 siccantur
672 964 742 1023 sole,
759 962 859 1028 figuram
944 982 950 991 ·

273 1042 309 1095 Ut
329 1054 424 1093 teneant
443 1042 526 1091 lateres
545 1058 554 1100 3
574 1043 687 1107 rimisque
705 1041 782 1091 aestate
800 1041 923 1090 fatiscunt.

305 1122 364 1171 Tres
379 1134 511 1186 quatuorve
526 1116 576 1168 dies
591 1117 681 1169 solidos
698 1118 798 1169 calcaria
814 1119 899 1169 fornax

272 1194 331 1247 Non
346 1197 477 1246 intermissis
494 1192 631 1245 accenditur
648 1195 759 1261 ignibus,
777 1196 845 1253 imi„

272 1272 376 1325 Diffiliat
392 1271 451 1322 dum
470 1286 535 1337 parte
553 1270 633 1337 lapis,
652 1272 793 1338 famosaque
808 1272 883 1338 longo

271 1346 382 1401 Flamma
394 1365 435 1414 per
451 1349 578 1399 obscurum
598 1366 648 1398 non
665 1364 738 1399 exeat·
748 1354 800 1399 a'e‘ra
817 1352 900 1399 traditu.

305 1428 364 1475 Sunt
383 1429 442 1477 varii
462 1424 552 1491 lapides
570 1424 675 1477 diversor
691 1426 762 1476 calcis
779 1430 806 1475 in
822 1428 876 1476 usus

271 1500 339 1562 Quos
357 1502 453 1552 fornace
472 1519 558 1569 coques
575 1520 669 1569 :opera
686 1502 716 1553 ad
736 1507 833 1554 tesioria
850 1502 955 1566 mollis,

270 1576 339 1630 Dura
356 1579 412 1631 silex
429 1579 461 1631 ad
477 1580 600 1631 strnsiurar
617 1579 751 1631 adhibetur.
769 1583 846 1632 Arena

271 1656 373 1723 Egregia
390 1658 440 1719 est,
456 1654 588 1723 compressa
605 1671 679 1708 manu
694 1675 748 1725 quae
764 1658 866 1719 stridet3
884 1662 909 1710 δι
921 1656 983 1710 aibir

271 1730 324 1786 Nec
335 1735 438 1798 maculat
449 1738 549 1800 pannis,
560 1750 637 1800 neque
649 1733 744 1783 sordem
754 1732 846 1783 excussa
856 1737 981 1802 relinquit.

304 1813 362 1863 Hac
381 1812 425 1860 ubi
443 1814 551 1861 materies
570 1811 642 1860 fuerit
658 1811 768 1878 congesta
780 1845 788 1871 ‚
801 1809 932 1863 domorum

271 1886 435 1939 Fundamenta
452 1887 505 1937 solo
521 1889 612 1951 jacies,
627 1886 685 1937 erim
701 1886 804 1954 denique
821 1900 883 1940 terra
907 1912 913 1926 2
929 1911 931 1916 ·

271 1956 372 2016 Ruderis
389 1961 493 2009 occurrit
510 1957 557 2010 sine
575 1958 708 2025 suspicione
724 1960 806 2012 soluti.

270 2036 314 2088 Ast
330 2037 372 2084 ubi
387 2034 514 2086 uisceribus
528 2035 568 2086 vti
587 2038 621 2088 ab
636 2040 691 2088 imis
706 2039 806 2090 mollior
819 2042 895 2106 usque
925 2071 930 2076 ·

270 2108 367 2160 Eruitur
380 2108 473 2169 :tellus',
491 2123 603 2176 quartam
618 2107 754 2176 demergere
769 2115 834 2160 muri
850 2142 852 2147 ·
899 2129 905 2150 .-
929 2129 935 2141 ·

271 2183 377 2236 Sufficiat
394 2201 484 2252 partem
501 2205 508 2235 a
527 2199 630 2252 quernos
647 2185 749 2252 defigere
766 2187 834 2253 palos
929 2199 933 2204 ·
1009 2179 1017 2191 '

271 2259 336 2322 Turn
346 2265 449 2329 poteris,
459 2261 614 2330 lapidumque
625 2279 722 2328 gravem
732 2260 886 2330 superaddere
892 2263 998 2318 morem.

303 2340 342 2392 Ad
357 2339 465 2390 medium
483 2343 586 2407 spesbeut
601 2341 700 2391 obversa
717 2341 827 2392 cubicula
842 2341 937 2404 solem,

269 2415 349 2469 Altior
366 2430 393 2465 ut
404 2417 484 2466 Titan
500 2415 601 2484 obliqui
618 2417 670 2466 luce
689 2417 798 2467 fenestrae

270 2497 441 2548 Transcurrenr
456 2497 550 2556 erute,
569 2493 671 2546 domum
687 2513 737 2546 noo
754 2512 807 2547 urat
821 2515 830 2556 ς
844 2501 871 2548 bt
885 2497 955 2550 idem
975 2487 978 2493 ¹
1057 2511 1067 2518 ·

269 2573 400 2626 inclinatus
416 2575 504 2634 humi,
521 2571 627 2638 gelidam
643 2574 700 2624 crim
713 2578 792 2640 vergit
809 2573 840 2624 ad
857 2577 965 2640 Arbion,

269 2653 322 2704 1m2
339 2669 381 2718 per
399 2651 525 2700 hibernum
541 2666 630 2702 recreet
650 2651 778 2717 penetralia
795 2651 879 2718 frigus.

303 2727 367 2786 Quas
389 2725 462 2776 hodie
479 2730 528 2776 ruri
544 2731 679 2792 ponunt&
695 2729 721 2776 in
737 2728 834 2776 urbibus
850 2727 934 2790 ader,

269 2805 477 2859 Perfundunt‘hae
497 2806 570 2865 luce,
588 2821 656 2856 cavas
676 2808 723 2856 bot
740 2823 781 2856 ore
800 2803 927 2868 fenestras,

270 2882 325 2933 Hoc
341 2897 441 2932 numero
459 2880 550 2930 faciunt
567 2898 576 2939 ς
592 2879 647 2929 altis
662 2893 690 2929 ut
705 2882 766 2928 resta
780 2879 916 2938 columnis,

271 2957 330 3010 Non
346 2961 419 3008 muris
432 2955 530 3008 suffulta
547 2971 615 3023 putes
635 2973 644 3016 3
661 2959 832 3021 hominemque
849 2970 946 3020 penates

267 3035 343 3096 Nunc
352 3039 425 3094 jutta
439 3038 529 3089 vitreos
543 3037 607 3104 jures
625 3051 671 3088 nec
688 3033 777 3102 frigora
793 3033 883 3085 brume
