2359 3975
284 458 328 524 η’
401 450 605 523 Pnnntt
629 436 860 524 Rusrrcr

280 570 392 637 Namque
409 570 488 621 habile
506 571 538 621 est
555 572 628 638 segeti
644 571 711 638 quod
728 572 905 633 frumentaria,
919 567 986 624 calis

282 648 396 708 Ilicibus,
413 646 514 699 silvestre
529 648 742 714 solum-redigetur
758 654 784 699 in
798 666 862 701 arva.

315 724 355 775 Ast
369 726 409 774 ubi
425 724 540 775 deficiunt
554 723 633 786 silvae,
649 743 810 793 quercumque
824 730 944 779 virentem

282 800 315 852 Et
332 802 456 868 platanum
471 804 563 868 pones,
577 804 684 870 serasque
698 806 825 870 nepotibus
843 804 943 868 ulmos3
1003 822 1006 826 ·

218 940 220 945 ι
283 881 398 931 Restitues
411 882 497 941 oleas,
515 878 532 929 fi
549 896 607 948 quas
621 879 732 948 dejecerit
750 884 851 943 Auster3
865 906 869 909 ·

283 959 337 1009 Nec
352 958 439 1009 steriles
456 959 495 1010 vel
511 962 553 1025 qui
569 961 665 1023 pariunt
677 960 784 1024 ignobile
800 976 903 1026 pomum
1011 991 1015 996 ·

283 1037 418 1103 Degeneres
433 1040 521 1101 patiere
538 1035 591 1085 solo
605 1035 730 1087 consistere
746 1052 862 1102 ulmeos,

284 1113 387 1164 Vindice
402 1113 443 1164 sed
459 1114 522 1163 ferro
538 1113 626 1174 tolles,
645 1130 686 1165 aut
699 1117 796 1165 brachia
812 1113 924 1185 cadens,
945 1146 947 1148 >

285 1188 398 1239 Insttione
413 1190 475 1241 seros
493 1206 563 1255 coges
577 1194 700 1258 mitescere
714 1192 811 1243 melus.

320 1268 398 1316 Sicubi
413 1267 530 1332 stagnanti
545 1270 610 1333 seges
618 1271 752 1319 'emoriamr
769 1271 799 1320 ab
815 1270 911 1331 imbre,

286 1340 417 1393 Absorbere
433 1342 512 1397 stilum
527 1358 605 1409 neque
620 1344 690 1409 potiit
705 1341 828 1409 quidquid·
838 1354 956 1409 aquatum

288 1418 394 1483 Accipiet
403 1452 411 1478 ,
419 1428 504 1485 'neque
514 1420 612 1469 'vicinos
627 1417 748 1470 cffimdere
762 1422 789 1469 in
800 1425 901 1477 amnesi

288 1495 354 1548 Affer
368 1513 459 1563 opem,
478 1501 503 1547 bc
519 1494 602 1547 medio
619 1497 695 1562 largas
710 1495 757 1548 duc
773 1513 869 1563 equore
885 1493 970 1547 fossas.

230 1639 231 1643 Ἰ
288 1573 421 1634 Occultos,
438 1575 479 1624 ubi
495 1589 556 1624 terra
570 1572 625 1629 fluit
639 1574 764 1634 sabulosa,
781 1573 874 1624 canales

289 1651 426 1702 Obcaecabis
443 1655 503 1718 agris
516 1668 525 1711 3
538 1668 585 1701 neu
602 1648 762 1718 precludatur
778 1668 893 1718 aquarum
999 1647 1002 1651 ’
1099 1703 1101 1712 ⁴

288 1723 370 1775 Exitus
385 1725 544 1791 illapsusque,
562 1727 605 1776 sub
618 1742 646 1776 os
663 1739 790 1792 utrumque
805 1725 905 1789 refixis,
983 1745 988 1753 ·

253 1848 256 1853 .
288 1800 394 1853 Pilatum
407 1807 475 1862 vice,
490 1802 627 1867 ponticulos
638 1805 781 1865 imitabere,
797 1806 867 1854 saxis.

322 1882 344 1931 Ο
360 1882 366 1929 l
382 1881 426 1931 tibi
442 1894 561 1946 torpentes
577 1879 596 1931 st
611 1878 727 1931 desiccare
742 1881 840 1948 paludes

288 1958 346 2011 Fata
363 1956 463 2019 darem,
482 1957 594 2026 coeloque
610 1974 685 2011 novas
700 1958 822 2011 ostendere
838 1960 930 2013 tetras!

290 2039 384 2088 Semina
398 2037 502 2088 restituet
517 2053 608 2105 quanto
622 2040 683 2104 proh
698 2039 705 2088 l
723 2039 816 2090 foenore
833 2054 931 2106 campus
954 2086 957 2090 .

289 2113 321 2164 Et
336 2114 396 2164 limo
413 2115 476 2165 satur
484 2150 493 2176 ‚
511 2119 536 2164 bc
550 2116 625 2180 longo
639 2119 758 2183 requietus
774 2117 805 2166 ab
819 2112 880 2169 aevo.

289 2190 327 2242 En
341 2191 455 2242 Bliteram
472 2207 657 2258 propterquam
672 2195 770 2258 pinguia
786 2192 858 2244 findit
871 2193 959 2245 Aratus

289 2263 396 2332 AEquora
410 2269 546 2318 vomeribus
562 2283 616 2333 quae
628 2267 727 2316 navibus
742 2284 796 2318 anre
813 2270 915 2320 secabat.

318 2343 433 2411 ‘Namque
443 2344 485 2395 sui
496 2358 575 2395 totttm
585 2343 708 2411 quondam
716 2361 773 2410 gens
780 2346 886 2395 Romula
895 2345 1015 2398 mundum

290 2423 337 2472 Sub
352 2421 452 2472 ditione
461 2437 561 2482 tenens,
575 2437 607 2472 ne
621 2419 681 2488 quid
696 2419 834 2486 deperderet
846 2425 916 2489 agri,

290 2499 345 2560 Quo
363 2499 441 2550 nullus
459 2513 513 2548 toto
529 2498 616 2548 melior
631 2497 674 2548 fibi
689 2503 769 2564 paruit
785 2502 862 2560 orbe·‚

239 2611 241 2619 s
289 2577 355 2627 Fecit
368 2581 414 2645 iter
430 2581 503 2643 pigrae
516 2576 591 2641 longo
609 2577 652 2625 sub
669 2592 753 2628 monte
767 2578 866 2644 paludis

288 2653 385 2706 Grande
400 2671 476 2720 opus,
494 2652 592 2704 emensis
608 2656 693 2703 exhinc
706 2671 750 2705 nec
767 2657 853 2706 inutile
866 2655 951 2712 seclia.

321 2730 398 2784 Altitls
416 2735 501 2796 ignoto
519 2731 649 2780 manabant
664 2735 759 2780 tramite
777 2732 898 2799 lymph25

290 2806 413 2856 Oceanum
429 2803 470 2854 sed
484 2819 611 2869 utrumque
627 2819 693 2853 novo
708 2807 751 2869 qui
770 2803 859 2856 foedere
875 2808 958 2878 jungit

288 2883 395 2944 Alutus,
414 2879 482 2932 excisi
499 2897 539 2947 per
556 2883 623 2931 saxea
639 2882 728 2930 viscera
743 2886 832 2932 montis

287 2959 353 3010 Dum
369 2957 478 3019 foditur,
495 2959 572 3024 patuit
589 2954 672 3005 duum
688 2974 697 3014 3
715 2959 849 3024 priscosque
866 2961 965 3018 labore,

286 3037 403 3110 Opposuit
419 3035 503 3095 neuris
518 3035 628 3094 Romana
640 3036 749 3104 potentia
764 3038 848 3105 ceptis
855 3069 865 3104 ,
