2359 3975
273 464 344 537 320
406 440 869 522 PsnnrrRusssrrcr

272 563 345 611 saxea
363 561 463 610 circuitu
481 562 577 625 surgent
589 558 649 609 dum
663 564 755 610 rnoenia
768 563 866 627 longo‘,

270 640 358 703 Accipe
371 640 424 704 quis
440 637 526 685 melior
540 635 666 687 succedere
683 636 770 687 debeat
784 639 882 705 hospes.

304 716 366 765 Ante
380 714 440 763 alios
451 711 526 763 aderit
539 730 638 774 cervus,
649 731 722 780 quern
736 715 836 779 pulcher
850 713 959 767 adornet

272 794 368 844 Frontis
385 796 482 854 honor,
500 794 566 843 oculi
581 793 702 859 grandes,
718 794 789 844 exilia
805 811 891 854 crura,

273 871 420 939 Cornuaque
435 877 461 923 in
477 874 554 939 plures
569 890 648 924 ramos
658 872 771 933 diffusa3
788 871 927 939 pedumque

169 962 171 973 ¹
273 950 423 1009 Mobilitas,
439 950 526 999 celeres
538 954 620 1000 vincat
633 967 686 1017 qua
702 951 812 1000 fulminis
828 952 887 1000 alas.

306 1024 373 1076 cum
389 1025 490 1092 reliquas
506 1027 597 1077 Natura
613 1027 674 1077 feras
687 1028 727 1078 vel
742 1026 814 1077 dente
826 1061 835 1087 ,
847 1027 888 1078 vei
903 1026 973 1088 astu,

215 1120 218 1125 ¹
274 1102 396 1155 Cornibus
409 1118 451 1152 aut
464 1105 530 1153 sevis
542 1139 550 1163 ‚
564 1103 604 1153 vel
620 1102 715 1153 adunco
731 1106 859 1153 armaverit
877 1118 959 1168 ungue
969 1137 982 1164 ,

274 1181 375 1246 Aligeris
391 1195 488 1229 cervum
504 1178 605 1244 pedibus
620 1178 721 1229 donavit
736 1182 871 1237 inermem

275 1259 351 1309 Plana
368 1260 456 1325 quibus
470 1257 563 1324 fugiens
578 1262 642 1324 rapit
656 1275 771 1326 aequora,
782 1260 853 1324 seque
866 1255 966 1322 periclis

275 1334 395 1403 Expedit3
407 1339 432 1385 dt
453 1336 520 1385 lucos
536 1339 598 1385 inter
614 1353 645 1385 ne
663 1353 753 1387 cornua
770 1333 847 1385 densis

277 1414 393 1481 implicet
408 1413 552 1473 arboribus,
571 1412 664 1463 collurn
680 1414 817 1478 resupinat3
833 1415 928 1478 iterque

276 1491 368 1544 Tendit
385 1494 414 1542 ab
429 1494 534 1542 obscuris
549 1495 574 1541 iu
591 1508 672 1558 aperta
690 1492 787 1543 novalia
801 1490 874 1540 silvis.

312 1568 402 1635 Ignavi
419 1568 475 1619 ctlm
495 1584 573 1635 torpet
591 1572 653 1619 iners
670 1567 836 1635 pinguedine,
851 1584 954 1633 campos

283 1643 359 1693 Rarus
375 1640 442 1703 adit,
459 1642 567 1710 silvisque
586 1644 663 1704 latet,
678 1642 807 1693 viridantia
821 1642 909 1691 furtim

279 1721 369 1770 Pascua
384 1724 424 1770 v'rx
440 1723 508 1769 ausus
526 1722 607 1771 clauso
624 1718 750 1786 decerpere
767 1719 853 1779 culos

279 1798 347 1850 Dum
365 1794 469 1848 redimat
486 1815 527 1865 per
545 1800 618 1864 longa
634 1800 696 1847 citor
712 1801 803 1864 jejunia
817 1798 908 1845 cursus.

290 1879 335 1941 xSi
354 1894 400 1943 qua
418 1874 496 1934 fides,
513 1890 596 1925 cervus
611 1878 689 1941 primo
708 1874 764 1925 crim
779 1875 842 1924 Vere
857 1875 990 1941 quotannis

279 1954 369 2006 Nobile
386 1952 493 2004 frondofi
510 1957 593 2018 capitis
608 1950 682 2003 decus
696 1956 782 2012 exuit,
798 1955 853 2002 imis

280 2036 310 2084 Se
328 2048 455 2082 nemorum
474 2031 571 2080 latebris
587 2033 691 2096 recipit,
708 2034 842 2098 metuitque
856 2029 943 2081 videri.

281 2113 321 2162 Sic
336 2109 415 2160 cultris
430 2105 533 2158 studiosa
549 2107 618 2158 durni
635 2110 659 2157 se
680 2111 791 2158 continet
806 2108 871 2158 ultro

282 2191 412 2247 Freminat
429 2189 518 2236 turrira
533 2186 611 2234 linum
629 2183 672 2234 nii
691 2187 774 2236 textile
788 2185 865 2235 fronti

284 2266 362 2315 Altius
378 2267 503 2330 insurgat,
518 2266 593 2313 veteri
611 2260 687 2328 quim
704 2278 794 2314 cornua
808 2280 889 2313 cervo.

318 2343 427 2392 Arboreo
447 2340 503 2390 crim
524 2339 580 2389 dein
597 2343 670 2405 capiti
686 2342 830 2390 succrescere
844 2340 976 2408 pulchrum

284 2419 371 2486 Coepit
387 2436 470 2479 onus,
490 2415 560 2468 filvas
577 2421 666 2467 iterum
685 2420 829 2485 camposque
844 2433 951 2484 patentes

284 2497 431 2548 Ambitiosus
448 2493 499 2544 adrt
510 2513 516 2544 t
529 2498 600 2545 vitrei
616 2511 717 2561 quoque
733 2495 807 2544 fontis
821 2493 852 2544 ad
865 2500 919 2544 oras

287 2574 374 2627 Cernit
392 2571 539 2638 inexpletum
554 2570 653 2637 liquidis
669 2575 763 2622 ramosa
779 2573 822 2621 sub
840 2569 910 2621 undis

287 2649 387 2701 Cornua
400 2663 408 2706 3
424 2661 467 2694 nec
482 2643 576 2694 tantum
590 2660 713 2710 correptus
729 2647 833 2710 imagine
849 2643 936 2692 form:

286 2719 381 2771 Gaudet
399 2722 485 2780 hians,
501 2719 611 2769 habiturn
626 2719 667 2770 sed
679 2723 799 2769 venatoris
814 2722 841 2768 bc
855 2735 956 2779 arcum,

286 2799 318 2852 Et
333 2801 419 2865 quibus
438 2797 470 2847 esi
488 2799 604 2862 periturus
622 2811 687 2846 amat
705 2799 806 2863 spesiare
821 2797 937 2861 sagittas,

287 2876 321 2925 Ac
339 2876 428 2926 levium
443 2890 525 2926 vecors
540 2873 617 2938 stupet
630 2872 661 2924 ad
678 2874 793 2923 miracula
811 2890 901 2922 rerum.

287 2949 351 3000 Hinc
370 2947 468 2998 stolidos
483 2947 582 3013 speculis
601 2945 632 2996 ad
651 2951 710 2997 retia
727 2945 822 2996 trudere
836 2962 922 2996 cervos

287 3024 346 3075 Nun
364 3025 431 3074 labor
446 3025 498 3091 est,
516 3025 646 3092 captosque
662 3027 732 3075 novis
747 3021 870 3075 includere
886 3025 967 3090 septis.
