2359 3975
282 435 357 508 ἰη
394 391 398 394 ’
430 414 625 488 Prnorr
651 411 865 490 llusrrcr

285 540 336 589 Nec
350 537 453 604 reliquas
471 537 562 588 telluris
576 555 653 603 opes,
668 536 710 588 sed
724 539 806 589 nobile
820 543 904 590 vinum

284 608 406 665 Deserere
416 635 424 664 ε
435 618 540 680 scyphis,
559 631 633 666 rauco
648 631 699 666 nou
713 630 779 675 ere,
795 631 911 668 vocarunt

208 685 211 691 ’
285 697 455 761 Magnanimos
469 691 500 744 ad
514 693 579 743 bella
593 697 658 744 viros
670 727 678 754 ,
690 684 748 743 non¹
757 691 824 758 ligna
837 695 935 744 ferentes

286 772 387 833 ruera,
399 770 473 838 quidm
490 770 574 821 calices
591 788 598 819 a
614 768 658 820 illi
676 767 786 820 mercede
798 771 907 836 placebat

286 852 323 900 lre
339 854 405 900 nives
420 852 483 899 inter
500 845 609 908 medias,
625 851 650 897 δι
666 849 779 912 sauguine
795 847 851 898 fuso

288 928 299 995 l
311 931 412 980 Praemia
424 926 537 995 militia)
549 927 689 990 generosum
707 939 811 990 querere
828 929 928 976 viriumr

288 1006 368 1055 Tanta
381 1005 476 1068 scyphis
491 1006 567 1052 inerat
579 1003 615 1052 vir
627 997 776 1052 &facundia
790 999 883 1065 plenis!

238 1143 243 1149 ἴ
319 1078 399 1129 lufido
416 1094 518 1137 tamen,
535 1077 582 1128 ab!
594 1079 699 1126 nirnium
714 1092 744 1126 ne
758 1073 828 1125 crede
843 1076 943 1142 liquoris

287 1157 352 1205 Vina
367 1159 482 1220 repertori
496 1170 617 1214 nocuere,
632 1155 721 1219 suoque
735 1152 845 1202 No'e'nrus

286 1231 403 1297 Exemplo
417 1230 501 1281 docuit
516 1229 586 1280 donis
602 1229 735 1280 coeleliibus
748 1233 785 1280 uti

286 1305 434 1363 Parcius,in
448 1305 548 1365 cyathos
560 1304 636 1367 ipsam
650 1301 727 1368 neque
742 1319 848 1368 mergere
863 1318 970 1355 mentem.

318 1381 400 1432 Africa
416 1398 473 1448 geas
487 1386 552 1448 capit
565 1385 670 1436 immites
686 1381 811 1432 dulcedine
827 1387 895 1444 vini,

288 1457 353 1518 Quas
369 1473 446 1524 neque
461 1455 544 1508 fraude
561 1457 621 1508 feras
638 1460 718 1523 potuit
735 1474 779 1508 nec
796 1461 886 1508 retibus
900 1459 952 1508 ullis

288 1534 380 1586 Fallere
392 1554 398 1583 ι
409 1552 460 1584 non
477 1535 533 1585 alias
549 1534 624 1584 Amor
637 1533 761 1584 irifidiosus
778 1532 810 1584 ad
823 1551 884 1586 artes

200 1606 202 1609 ’
288 1614 416 1672 Vertitur,
433 1628 459 1662 ut
473 1629 555 1677 captos
568 1615 594 1661 in
607 1611 703 1662 vincula
721 1609 792 1660 ducat
807 1627 922 1662 amantes.

321 1689 361 1737 Tu
374 1704 432 1754 puer
446 1690 564 1753 imprimis
579 1684 726 1736 moderatius
740 1700 804 1734 utere
816 1688 892 1745 vin03

289 1767 341 1817 Nec
357 1768 420 1818 mala
434 1768 566 1833 pallentum
580 1767 724 1834 juvenilibus
740 1768 815 1816 insere
829 1768 907 1816 nervis

289 1847 385 1894 Semina
398 1845 539 1894 morborum
557 1844 643 1910 quibus
658 1843 799 1894 afflttubere
813 1839 946 1908 quondam.

288 1921 379 1970 Potula
394 1921 462 1971 mista
474 1923 527 1970 seni
541 1921 576 1971 fas
593 1922 625 1971 est
640 1917 736 1980 odille,
752 1936 867 1986 meroque
930 1979 932 1982 ι

288 1998 404 2065 Corporis
418 1996 484 2049 effeti
501 2003 562 2049 vires
578 2003 678 2049 retinere
696 1998 809 2063 fugacem

288 2076 374 2128 Affusrs
390 2076 432 2127 sed
447 2092 528 2126 ament
544 2079 612 2141 pueri
628 2076 740 2141 frigentia
753 2074 858 2140 lymphis

289 2157 373 2216 Vina,
387 2172 432 2205 nec
446 2153 542 2221 adjetiis
555 2156 650 2201 irritent
666 2152 759 2217 ignibus
776 2154 852 2215 ignes.

234 2223 238 2230 ’
323 2232 371 2293 Qui
387 2230 450 2282 diras
468 2234 528 2281 acies
545 2233 571 2281 bt
589 2228 678 2277 Martia
692 2227 756 2278 bella
771 2229 919 2293 sequuntur,

290 2308 414 2357 Musarum
429 2310 471 2373 qui
489 2306 562 2358 castra
576 2302 681 2361 colunt,
696 2301 790 2353 fallacia
806 2304 861 2353 rina

290 2382 447 2437 Formidents
461 2400 535 2447 nugas
545 2379 622 2432 'Vates
642 2376 721 2429 effutit
740 2377 812 2427 aniles

291 2460 394 2519 Ebrius,
411 2474 436 2509 at
454 2473 537 2508 contra
554 2474 624 2522 parte
640 2455 695 2505 ctlru
714 2470 785 2519 potus
798 2452 829 2503 ad
845 2470 913 2503 arma

290 2534 402 2586 Profiluit
419 2531 539 2591 dicenda,
556 2533 622 2584 sacro
637 2532 676 2581 seu
692 2532 791 2580 numine
808 2527 892 2591 plenus

290 2613 334 2666 Nil
350 2613 451 2662 mortale
466 2614 553 2671 sonat,
568 2602 653 2675 grandi
669 2611 775 2659 sermone
792 2604 833 2657 sed
846 2606 908 2657 altor

289 2691 417 2758 Eloquitur
434 2691 511 2739 sensus
525 2692 620 2747 animi,
639 2688 764 2752 secumque
782 2682 864 2751 quieti

289 2767 349 2816 Pace
367 2766 468 2825 fruens,
483 2766 530 2814 ciet
544 2762 657 2813 audentes
675 2766 700 2811 in
714 2758 795 2825 praelia
811 2756 914 2809 dextras.

289 2843 389 2909 Projitit
404 2847 429 2893 δε
447 2844 523 2893 vitam
539 2840 608 2889 fortis
623 2838 675 2903 post
689 2839 766 2887 sobria
782 2835 854 2885 Miles

289 2919 400 2982 Pocula,
417 2918 584 2985 confertosque
601 2920 649 2967 ruit
665 2911 805 2967 metuendus
821 2914 847 2963 iu
862 2912 960 2979 hostesg
1017 2964 1020 2969 ,
