2359 3975
381 494 683 566 iruanX.
833 516 900 596 ²¹5

174 613 275 664 Ferrum
288 627 374 662 omnes
388 609 447 662 duta
463 615 574 678 subigunt
588 618 615 663 in
629 630 703 674 cote,
718 618 809 681 virique

175 689 208 740 Et
223 703 312 740 matres
325 703 461 736 armanturt
474 703 530 738 eunt
546 687 638 738 diversa
653 691 754 755 manipli

176 766 222 816 Per
240 765 295 814 ioca
306 782 313 812 e
325 761 447 814 stridentes
462 763 579 823 subeunt,
596 768 621 813 δι
635 765 733 830 agrestia
746 781 827 815 currus

176 845 252 894 Arma
266 845 374 894 vehunt:
387 840 452 891 coilo
466 857 524 891 cava
540 843 700 892 tintinnabula
715 845 801 904 iactans

178 921 202 971 it
213 924 328 987 sonipes,
341 921 434 986 lateque
448 922 585 970 sonantibus
600 922 642 970 iiia
654 920 714 972 vafie

178 999 318 1058 Verberat,
333 1001 358 1046 δι
371 999 454 1047 resono
467 997 522 1046 ferit
539 1014 609 1047 aurea
622 997 696 1048 fidera
709 999 786 1064 pulsu.

211 1075 292 1139 Urget
307 1089 374 1122 amor
389 1071 473 1139 prada
485 1093 491 1122 ι
504 1074 615 1122 struiium
630 1074 739 1139 procedit
752 1078 838 1140 apertis

178 1153 276 1218 Agmen
291 1153 351 1215 agris
361 1168 369 1209 3
380 1154 475 1216 jamque
490 1165 603 1215 apparent
616 1151 731 1201 Baccheia
747 1152 818 1218 longi

179 1227 282 1287 Castra,
299 1227 449 1277 racemiferas
463 1226 556 1294 quadro
569 1231 636 1294 queit
654 1228 738 1279 ordine
752 1234 812 1280 vitta

179 1306 303 1372 Explicuit
315 1341 323 1365 ,
335 1303 452 1370 viridique
466 1303 531 1354 Deus
545 1309 679 1355 munimine
693 1306 770 1373 sepsit.
874 1321 878 1324 ·

180 1384 318 1449 Pampineis
331 1383 433 1446 speciosa
446 1385 524 1432 virent
539 1385 643 1431 tentoria
655 1383 735 1445 veiis,

181 1461 213 1511 Et
228 1462 376 1513 matutinum
391 1456 450 1507 sudo
465 1459 527 1527 bibit
542 1462 629 1509 ethere
644 1475 724 1508 rorem

180 1536 236 1588 Uva
250 1534 292 1584 sua
307 1536 349 1582 sub
361 1531 464 1592 fronde,
481 1532 540 1582 mali
555 1535 635 1582 secura
647 1533 731 1582 futuri.

166 1651 173 1658 .
214 1614 324 1663 Rusticus
339 1614 428 1659 interea
444 1612 542 1675 propior
554 1613 605 1674 iam
619 1611 707 1658 vitibus
722 1610 807 1672 instat,

180 1688 354 1754 fossarumque
368 1701 447 1736 moras
465 1686 574 1749 superat,
588 1684 699 1751 ferroque
710 1703 809 1737 recurvo

179 1766 271 1818 Pandit
284 1769 348 1824 iter,
362 1767 427 1828 sepes
441 1766 466 1812 &
480 1762 659 1828 propugnacula
670 1779 781 1828 rumpens

182 1844 272 1909 Spinea
283 1861 289 1889 ε
302 1843 421 1890 Peciniam
434 1874 441 1898 ,
460 1836 586 1898 Rhodias,
601 1838 747 1890 Mareotides
765 1843 846 1904 aibas,

181 1918 266 1975 Caedit
276 1956 284 1980 ,
294 1925 319 1969 bt
331 1920 422 1983 Argites
433 1919 619 1984 ,Psythiamque
631 1920 774 1986 brevemque
782 1922 893 1987 Lagaon.

78 2024 79 2069 γ
180 2004 265 2054 Altera
283 2002 431 2065 comprensae
448 2017 531 2049 uranus
547 2004 653 2062 attinet,
672 2002 747 2052 altera
762 2018 837 2053 curvo

180 2077 258 2129 Colla
273 2079 356 2141 supina
370 2079 432 2125 secat
447 2076 510 2125 ferro
525 2096 532 2127 t
549 2094 600 2126 non
615 2081 720 2143 parcitur
734 2079 797 2138 ulli3

79 2154 82 2162 '
180 2155 242 2206 Non
258 2166 344 2203 omnes
359 2167 439 2201 tamen
453 2166 500 2201 una
516 2166 599 2201 manet
614 2152 728 2203 fortuna:
741 2153 828 2203 calenti

182 2232 365 2295 Demerguntur
379 2227 456 2294 aqui,
471 2230 537 2293 queis
551 2227 664 2292 grandior
675 2234 779 2278 intumet
793 2231 858 2280 altus
872 2268 880 2292 ,

181 2313 263 2378 Atque
277 2322 304 2356 ut
323 2306 396 2370 ionga
413 2305 493 2353 levent
506 2304 567 2353 oiim
582 2308 691 2369 jejunia,
707 2305 768 2354 soles

181 2385 221 2437 ad
238 2383 333 2449 tepidus
351 2380 487 2440 siccanturt
502 2384 562 2445 agris
579 2398 629 2429 non
645 2386 712 2447 pejor
728 2385 753 2431 in
768 2383 822 2449 ipsis

183 2462 240 2511 Pars
254 2464 338 2510 teritur
353 2455 478 2507 subdente
491 2475 497 2504 ε
512 2454 613 2506 domum
626 2475 679 2523 pars
692 2459 783 2521 fertur,
793 2466 818 2512 δι
831 2455 880 2513 ilti

182 2538 230 2590 Vel
246 2536 335 2605 pendet
351 2535 436 2594 trabe,
456 2532 568 2584 fictilibus
584 2536 624 2586 vei
638 2535 751 2589 tonditur
767 2541 831 2591 oiiis.

180 2644 181 2649 =
216 2614 274 2665 Uda
291 2616 387 2664 trahunt
404 2611 461 2661 alias
479 2610 510 2663 ad
525 2612 654 2664 calcatoria
670 2634 677 2664 e
693 2615 763 2673 nudis

183 2696 236 2745 Stat
251 2689 371 2758 pedibus,
388 2689 492 2756 palisque
506 2706 589 2740 manus
606 2707 696 2742 armata
702 2682 818 2759 'juventus
830 2713 838 2754 ;

186 2774 263 2839 Inque
279 2772 381 2819 chorum
392 2769 459 2833 super
471 2766 596 2827 insiliunt,
607 2768 726 2835 avidoque
740 2770 853 2821 fluentem

183 2852 238 2901 iam
257 2861 344 2914 potant
357 2848 438 2895 animo
456 2844 572 2904 laticem,
587 2845 714 2910 merfisque
729 2848 823 2895 bibaces

183 2924 302 2977 Delibat
317 2922 418 2987 digitis,
440 2923 466 2973 be
481 2923 507 2970 in
524 2936 603 2972 annua
617 2921 705 2987 pocula
719 2924 820 2973 servant.
