2359 3975
348 472 702 550 crinem
818 489 884 566 149

163 591 270 663 Namque
285 607 337 646 tuus
352 594 369 644 fi
384 609 462 644 tantus
477 608 546 653 erat,
564 591 580 642 sr
597 598 674 658 major
689 589 777 640 eisdem
860 595 863 603 ’

163 668 278 738 Exemplis
293 675 437 738 monitisque
453 673 533 736 Nepos
546 671 676 728 breultu53
692 674 761 718 avitae

162 748 266 808 Quantus
281 752 326 798 erit
340 750 460 812 Pronepos
474 751 568 798 virtutis
584 750 666 796 tertius
681 747 762 794 haeres.

162 825 213 874 Sint
226 827 279 876 satis
294 830 360 885 hec,
377 823 392 875 ὃ
408 825 477 874 Musa
494 825 500 874 l
516 841 597 890 graves
612 841 624 872 e
639 822 711 873 corde
726 821 821 872 dolores

162 901 184 949 si
198 917 317 967 nequeas,
337 901 404 950 fletus
419 901 495 952 oculis
513 901 637 965 absterge,
654 901 753 964 mosque

160 975 276 1026 Fenisecas
294 981 319 1027 δι
336 993 403 1043 prata
420 979 518 1044 sequens
534 979 652 1041 operosa,
672 975 764 1025 labores

159 1052 287 1119 Parvaper
304 1059 410 1120 ingentes
425 1055 510 1104 solatia
527 1071 606 1120 quaere
622 1051 745 1102 dolorum.

190 1130 242 1179 Post
256 1129 348 1196 aliquot
360 1131 438 1190 soles,
455 1131 521 1180 furti
535 1129 602 1196 quod
617 1131 677 1192 saepe
692 1133 784 1180 bicorni

159 1204 300 1268 versatum,
314 1214 363 1274 Jarrr
378 1225 421 1258 nec
435 1205 511 1258 viride
525 1209 577 1266 est,
591 1223 635 1255 nec
650 1207 700 1256 sole
713 1207 831 1271 perulbnrn

159 1283 318 1351 siccatumque
336 1288 428 1344 nimis,
445 1286 487 1332 sub
505 1287 564 1333 reeta
578 1288 686 1350 reponite
703 1285 802 1333 fenum:

158 1357 277 1426 Lanigeras
292 1366 446 1428 nequeenim
460 1361 577 1427 pecudes,
593 1379 739 1428 operumque
755 1363 844 1411 solutos

157 1433 220 1485 Dur'a'
236 1438 308 1488 fames
325 1437 405 1504 adiget
421 1457 499 1489 tauros
515 1443 652 1505 contingere
670 1436 760 1489 morsu

158 1515 286 1578 Gramina,
305 1529 359 1584 quae
376 1517 453 1583 longis
469 1517 564 1567 exsucca
583 1518 700 1567 caloribus
717 1530 792 1569 arent.
852 1541 856 1546 ’

158 1585 212 1644 Quae
228 1590 284 1640 verb
299 1589 411 1639 nondum
429 1593 483 1640 satis
501 1591 602 1640 insolata
616 1590 729 1640 recondes

157 1668 289 1732 Imprudens
305 1708 313 1732 ,
329 1671 411 1720 subitis
428 1675 523 1736 pariunt
541 1670 652 1720 incendia
672 1671 793 1720 flammis:

156 1742 203 1793 Hos
219 1747 312 1796 stabulis
328 1752 416 1813 ignes,
434 1752 483 1797 haec
501 1761 567 1797 tanta
584 1748 689 1812 pericula
706 1751 772 1796 tediis

156 1818 251 1872 Villicus
270 1841 398 1886 amoveat,
422 1824 535 1892 nudoque
553 1828 595 1874 sub
612 1829 697 1875 aethere
713 1825 796 1874 fenum

154 1896 277 1950 Coniferos
291 1903 366 1951 struat
378 1906 403 1950 in
416 1903 541 1960 cumulos3
559 1917 585 1952 ut
599 1901 629 1951 ad
645 1905 730 1951 intima
743 1916 812 1952 mett

155 1973 209 2027 Non
224 1996 350 2043 penetret,
370 1977 409 2029 sed
426 1997 466 2044 per
482 1979 554 2029 latera
570 1979 684 2029 inclinata
700 1978 806 2028 relabens
849 1970 852 1981 Χ

156 2052 232 2105 Imber
249 2059 315 2105 humi
334 2055 423 2116 cadat,
442 2060 467 2105 &
485 2054 613 2121 perflabilis
628 2056 707 2105 avolet
724 2058 819 2104 humor.
837 2066 840 2071 ·

184 2133 264 2183 Amnis
282 2138 322 2184 ubi
342 2138 392 2183 tuit
407 2134 546 2195 exundans,
564 2138 588 2183 δι
604 2136 691 2201 pabula
707 2134 810 2201 lymphis

155 2210 249 2273 Spurcat
264 2210 387 2269 arenofis3
405 2212 528 2261 inir'nicarn
543 2208 653 2260 dentibus
668 2208 745 2259 escarn

153 2285 267 2353 Rejicies3
284 2289 328 2338 nili
349 2288 415 2354 quod
430 2290 523 2354 pluvius
540 2292 672 2353 peccaverit
687 2288 780 2338 Auster·
839 2293 841 2296 ’

88 2358 89 2361 ’
152 2359 265 2414 Emender
277 2390 290 2424 ,¹
305 2366 436 2430 fenumque
452 2384 517 2415 novo
533 2365 654 2429 detergeat
670 2367 756 2414 imbre.

182 2440 227 2487 Sub
242 2444 296 2505 juga
310 2458 371 2505 coge
385 2442 456 2491 boves
470 2444 577 2499 iterum,
594 2456 709 2505 pratoque
722 2440 824 2501 relicto,

152 2512 292 2566 Transversrs
307 2534 420 2582 campum
436 2518 504 2566 sulcis
521 2520 631 2577 inverte,
648 2519 784 2583 priusquam

151 2586 268 2652 Respuet,
287 2591 368 2639 aestivo
386 2588 442 2639 dein
457 2606 563 2655 ternpore
581 2588 672 2648 dorsu,
690 2603 803 2638 aretrnrn.

180 2661 302 2727 ingredere
323 2668 348 2713 δέ
366 2667 457 2713 rursum
476 2669 555 2724 vites,
576 2668 701 2729 primoque
718 2667 761 2712 sub
778 2681 831 2712 aevo

149 2735 263 2787 Mollibus
279 2741 379 2788 exturba
397 2738 496 2806 digitis,
513 2758 565 2805 quae
582 2740 684 2804 plurima
700 2738 792 2787 circrim

150 2810 227 2877 Stirpis
243 2818 268 2864 in
284 2819 385 2865 exitium
403 2820 529 2875 crescunt,
547 2831 695 2880 matremque
710 2815 813 2878 fatigant

149 2889 258 2940 Germina
273 2911 279 2939 ι
296 2892 329 2941 iic
348 2896 394 2941 viti
411 2894 479 2941 nullo
495 2891 636 2943 clementius
653 2895 701 2939 itin

149 2963 304 3027 consulitur,
323 2968 477 3034 luxusque&
493 2972 569 3017 inanis
585 2967 680 3015 tollitur
695 2967 789 3015 umbra.

163 3044 244 3107 ,Tunc
262 3050 338 3099 etiarn
353 3063 447 3097 memor
464 3048 573 3097 arboreos
590 3047 691 3097 invisere
707 3046 799 3104 fretus,

709 3134 775 3200 Giij
