2359 3975
325 531 394 605 ιρι
462 508 667 580 Parim
693 509 914 578 Rusrrcr

320 620 419 677 subdiac
434 630 459 677 bc
477 626 561 687 furta,
576 627 654 677 solent
666 624 768 692 defigere
784 643 885 691 vepres,
932 623 937 630 ’

318 703 350 756 Et
364 720 453 755 tenerae
466 703 547 768 rigidis
563 702 691 754 defendere
706 705 810 753 sentibus
822 707 916 754 herbae.

319 781 379 832 Non
393 780 505 848 equidem
516 797 557 847 per
568 779 627 831 dura
637 783 698 846 petit
712 797 766 829 mur
778 781 879 830 vulnera
895 779 1013 846 predam,

317 859 449 910 Occultum
465 856 506 907 sed
517 861 604 924 quaerit
621 861 666 907 iter
681 857 766 907 tellure
781 859 823 906 sub
838 857 908 918 imi;

317 935 472 1000 Armatasque
489 935 553 982 rubis
571 934 650 998 seper,
670 935 695 982 u
712 932 798 981 inutile
813 934 905 982 vallum
932 969 936 975 .

319 1005 420 1071 Trajicit
429 1041 439 1066 1,
456 1010 481 1055 bc
498 1021 587 1054 tenerae
605 1003 738 1070 depascitur
755 1006 839 1055 helluo
856 1006 968 1057 frondete

318 1085 371 1146 Sint
387 1086 429 1132 ribi
443 1083 538 1134 fallaces
554 1082 645 1132 foribus
661 1084 822 1146 sarapropter
838 1088 924 1148 apertis

317 1158 477 1223 Muscipulae,
491 1159 576 1224 quibus
593 1161 679 1208 invitet
692 1156 817 1208 succedere
832 1159 911 1209 furem

317 1231 424 1283 Pendula
441 1249 489 1281 nur
503 1231 591 1282 :avido
608 1231 747 1284 malefidam
764 1231 876 1283 credulus
891 1236 967 1285 escant

317 1311 366 1366 Ore
381 1313 461 1375 petit,
476 1309 604 1375 clausoque
620 1325 693 1360 vorax
712 1311 736 1358 se
754 1309 817 1359 latro
833 1313 908 1360 teneri

316 1379 418 1434 Cartere
437 1385 603 1450 conspiciens,
617 1389 667 1449 jam
682 1401 734 1436 non
751 1386 840 1437 semesa
852 1389 951 1436 resumit

314 1460 395 1512 frusta
411 1465 496 1522 nucis,
510 1459 551 1510 sed
565 1477 616 1514 non
633 1458 707 1511 cessat
724 1466 830 1526 captivus
845 1465 940 1530 iniquae

317 1536 415 1586 Tollere
430 1535 468 1586 vel
485 1532 584 1601 pedibus
597 1568 605 1594 ,
622 1532 661 1585 vel
678 1531 749 1585 dente
764 1532 876 1586 lacessere
891 1537 980 1586 valvas.

348 1615 407 1666 Vidi
421 1631 466 1682 ego
485 1619 526 1682 qui
543 1615 618 1680 talpae
634 1617 712 1666 ticino
728 1613 873 1665 maleolente
888 1615 993 1682 fugaret,

316 1692 395 1759 Atque
412 1691 528 1743 venenati
544 1695 629 1742 cinarae
648 1689 728 1741 radice
742 1705 835 1756 pararet

315 1767 426 1816 Muribus
442 1764 544 1816 infidias.
561 1767 585 1815 Si
604 1761 702 1830 quando
719 1761 844 1815 frondibus
857 1764 950 1814 herem

314 1833 443 1893 lnfestabat
456 1843 509 1892 olus
523 1842 612 1907 pulex,
627 1842 764 1906 hirsutaque
780 1857 882 1907 campe,

313 1919 432 1968 Marrubii
449 1919 529 1968 latices
547 1919 615 1982 super
628 1918 753 1982 injiciebat
764 1934 874 1968 amaros:

280 1998 285 2005 ’
312 1996 345 2048 Et
358 1998 513 2047 formicarum
532 1996 637 2047 flammis
655 1996 751 2046 abolere
765 1995 868 2047 recessus

311 2078 444 2137 Sueyerat,
460 2090 487 2125 ut
501 2076 570 2126 fumo
586 2073 698 2140 durisque
713 2079 825 2125 exterrita
837 2077 915 2142 poenie

311 2154 418 2221 Impigra
433 2170 489 2221 gens
507 2154 571 2204 ultro
588 2153 652 2203 male
665 2156 723 2203 tutia
737 2152 831 2205 cederet
846 2159 927 2221 agric,

311 2232 355 2285 Nil
373 2233 452 2299 fruges
466 2237 539 2285 hiemi
556 2234 643 2293 lebias,
653 2233 689 2283 nil
706 2236 791 2284 horrca
802 2250 897 2284 curans.

345 2310 471 2363 Providire
489 2312 531 2361 Dii
546 2312 616 2361 nobis
632 2309 734 2360 meliora
743 2330 750 2361 a
760 2312 865 2374 *Pyrenes

313 2384 396 2453 Nuper
413 2391 478 2438 eninr
495 2386 569 2437 celsos
584 2386 707 2450 peregrina
723 2388 816 2436 ciconia
832 2402 930 2439 monice

312 2461 380 2512 Dum
391 2464 502 2528 superat,
518 2461 640 2527 ferturque
656 2461 743 2511 humili
756 2465 826 2529 super
839 2480 896 2516 arva
909 2467 1008 2527 volatu,

312 2538 342 2588 In
358 2535 430 2593 calles
444 2539 486 2588 fibi
504 2556 553 2589 non
571 2537 661 2604 positor
677 2538 762 2600 cadit,
777 2554 850 2606 atque
865 2546 960 2594 resellis

311 2614 438 2667 Continuo
454 2618 536 2680 pennis
552 2614 631 2663 custos
645 2618 777 2680 imponinrr
792 2618 877 2668 horto.

250 2690 264 2769 ’0
311 2693 411 2743 Oblatas
429 2696 522 2760 captiva
538 2691 610 2759 dapes
626 2692 736 2755 fastidit;
750 2711 774 2745 at
790 2712 894 2761 anguem

310 2770 375 2819 Inter
390 2766 452 2819 vidit
469 2767 521 2819 olus
534 2802 542 2829 ,
557 2784 706 2835 vacuamque
722 2769 821 2820 immisit
836 2775 863 2821 in
879 2773 980 2832 alcuine

307 2846 423 2908 Quamvis
437 2845 478 2895 ille
496 2843 537 2894 diu
552 2844 673 2906 ludatur,
689 2851 795 2912 corporis
810 2851 874 2899 imos

307 2924 432 2989 implicuit
445 2921 542 2983 nodos,
559 2925 583 2972 bc
599 2936 663 2972 torta
678 2924 803 2975 volumina
819 2926 906 2977 rostro.

310 2996 442 3057 Quaesrtura
458 3014 547 3047 novam
558 2996 662 3048 volucris
677 3014 717 3063 per
730 2999 839 3050 oluscula
852 3000 979 3067 predam,
1029 2993 1035 3035 .'

310 3074 443 3135 Herbarum
458 3090 532 3142 genus
543 3092 618 3144 somne
631 3076 701 3142 sagax
718 3077 855 3140 scrutatur,
868 3083 894 3129 δι
907 3082 1006 3135 homin

904 3168 1008 3219 Muribus
1015 3196 1025 3226 ,
