2359 3975
407 498 612 573 Lrurre
664 505 691 572 1.
887 528 910 597 9

179 617 285 670 Subdere
301 620 371 685 plura
386 618 461 670 veiim
474 638 482 671 t
497 619 584 671 fundos
600 619 618 669 fi
634 625 731 686 jungere
749 620 891 687 pulchrum,

179 698 277 747 Rustica
291 695 406 747 damnose
426 699 479 747 casu
496 715 532 746 ree
548 701 628 747 omnis
644 698 674 747 ab
692 714 742 747 ono

179 772 293 832 Pendet3
309 778 334 823 bc
351 772 471 829 interdum
489 775 591 823 Domini
608 778 715 835 variare,
730 791 845 840 novoque

178 850 265 901 Diffita
280 852 323 900 sub
340 852 404 901 coelo
416 850 520 917 gaudent
539 851 594 901 loca
607 854 702 912 visere,
721 856 788 902 tritas

178 928 215 979 Ire
229 946 275 979 nec
292 931 365 995 usque
379 932 447 988 vias,
463 933 488 979 δι
504 928 602 979 eosdem
615 947 708 979 cernere
725 931 809 981 colles.

210 1004 281 1070 Elige
294 1008 385 1055 vicinos
399 1008 493 1069 magnis
510 1020 551 1055 aut
567 1008 664 1056 urbibus
681 1024 750 1073 agros

177 1083 227 1131 Aut
245 1079 330 1147 grandi
350 1098 430 1147 pago,
444 1082 483 1131 vel
502 1081 569 1149 (qud
583 1087 640 1133 ratis
656 1084 781 1153 ambulet)
797 1090 881 1136 amni:

177 1154 249 1205 Ditat
268 1158 332 1203 enim
345 1154 429 1205 villam
444 1155 520 1205 facilis
535 1158 629 1205 veslura
646 1174 655 1218 3
671 1155 775 1210 colendo

177 1233 230 1283 Nec
249 1230 334 1282 desunt
350 1250 428 1298 opere
442 1236 509 1294 ruri,
523 1249 567 1283 nec
585 1235 712 1299 agrestibus
728 1240 800 1285 umis

177 1308 305 1368 Artifices,
319 1326 363 1358 nec
378 1326 490 1375 prorupta
504 1313 549 1359 tuis
564 1312 666 1361 obsonia
679 1311 783 1371 meniis,

178 1387 230 1437 Nec
245 1384 376 1445 Medicus,
392 1389 436 1436 tibi
454 1391 495 1452 qui
512 1390 595 1437 subitis
611 1392 637 1437 in
652 1386 742 1439 casibus
760 1405 824 1453 aegro

177 1463 320 1512 Praesentem
334 1460 377 1512 niis
392 1462 483 1528 prestet
501 1482 588 1529 opem,
606 1465 708 1515 solantia
721 1467 806 1517 saltem

177 1541 258 1589 Verba
273 1540 331 1589 serat
349 1559 356 1588 e
374 1536 404 1589 sic
423 1542 479 1589 urbe
495 1556 575 1591 umen
593 1529 689 1592 distabit
702 1544 732 1591 ab
749 1544 799 1593 alta

176 1616 336 1675 fundussut
352 1618 456 1681 hospitio
475 1634 526 1665 non
542 1617 650 1666 insestere
665 1622 773 1683 perenm.

209 1696 330 1759 Imprimis
348 1691 462 1759 fugienda
480 1696 524 1742 tibi
540 1696 579 1743 via
597 1694 663 1754 lata,
680 1694 801 1745 cohortes

176 1766 236 1827 Quae
252 1764 313 1813 solet
328 1769 453 1831 armigeras
468 1765 517 1815 alib
532 1764 648 1816 deducere
665 1786 671 1817 :
689 1769 763 1817 nubes
797 1788 801 1793 ’

175 1843 273 1908 Ignibus
292 1840 407 1894 horrificis
424 1846 448 1891 bc
465 1841 578 1907 grandine
595 1844 655 1896 soeta
664 1849 816 1908 minorems

176 1918 258 1981 Quam
272 1916 384 1967 Peditum
402 1918 486 1985 globus
501 1935 543 1969 aut
558 1924 620 1969 acics
635 1921 734 1973 fraenata
748 1924 853 1975 coronis

174 1995 290 2048 Pulvered
305 1995 351 2045 sert
368 1997 430 2045 nube
446 2013 559 2046 uterum:
576 2015 627 2048 non
645 2000 753 2061 villica,
767 2003 845 2057 milvo

174 2073 347 2124 circumeunte
356 2108 365 2133 ,
380 2075 433 2122 suos
448 2090 543 2124 revocat
560 2080 637 2141 magis
653 2082 722 2128 anxia
737 2079 835 2144 pullos,

174 2153 225 2203 Nec
244 2151 325 2201 Pastor
341 2154 449 2202 veniente
466 2151 523 2218 lupo
538 2155 694 2220 gregibusque
712 2153 802 2222 sibique
947 2209 957 2222 ⁰

173 2231 243 2280 Plura
253 2232 337 2289 timet,
349 2226 422 2294 quim
430 2227 486 2278 clun
494 2230 609 2279 tremulos
615 2232 700 2295 procul
707 2231 776 2282 audit
782 2249 901 2298 equorum

172 2308 305 2365 Hionitus,
319 2305 462 2372 longamque
479 2303 546 2355 videt
565 2305 656 2370 fulgere
670 2311 771 2358 micanti

172 2386 228 2435 AEre
245 2387 328 2434 viam:
343 2379 460 2446 predator
476 2385 541 2430 enim
555 2399 597 2446 per
612 2381 682 2431 devia
698 2383 770 2433 Miles

172 2463 308 2528 Obliquans
322 2463 386 2521 iter,
402 2458 503 2508 occultis
519 2458 557 2510 vel
573 2458 695 2510 fraudibus
710 2461 788 2512 aufert

171 2542 251 2590 Obvia
268 2554 368 2605 queque
385 2553 472 2602 rapax,
486 2553 527 2586 aut
542 2540 568 2588 vi
584 2535 698 2602 grassatur
712 2539 801 2606 aperti·
844 2545 853 2554 '

171 2613 274 2664 villicus
292 2629 349 2661 arva
361 2610 462 2670 colens,
479 2614 507 2662 ab
524 2628 603 2662 aratro
616 2615 726 2675 avulsus,
743 2617 831 2666 acerbis

170 2692 276 2757 Cogitur
293 2691 398 2755 imperiis
415 2685 477 2738 lassae
496 2705 576 2756 comes
594 2694 627 2740 ire
643 2691 769 2753 Coborti,

170 2771 342 2835 Auxiliumque
360 2769 423 2825 viae,
439 2783 508 2814 curru
524 2769 664 2833 subjungere
681 2785 769 2820 tauros.

171 2846 291 2900 Amissum
307 2845 367 2896 flent
382 2845 467 2910 sponsa
484 2847 562 2894 virum
579 2849 676 2912 natique
694 2864 816 2911 parentem

172 2929 252 2990 Quem
267 2923 370 2976 creduut
385 2927 411 2972 iu
428 2922 493 2971 bella
507 2926 574 2987 rapi,
590 2941 664 2990 quem
681 2923 729 2974 tela
746 2943 868 2993 gemtem

170 3005 218 3054 Pro
235 3003 351 3062 stimulo,
368 2998 463 3064 fingunt
480 3001 564 3048 animis
580 3000 751 3066 trepidantibus
768 3008 819 3066 ire,

172 3081 237 3134 Rura
250 3083 386 3144 reuisurum
404 3092 528 3162 nunquam
547 3074 673 3149 dulcesque
690 3098 794 3146 penates.

428 3193 429 3196 ,
698 3180 714 3212 ,
759 3163 775 3197 v
