<?xml version="1.0" encoding="UTF-8"?>
<!DOCTYPE html PUBLIC "-//W3C//DTD XHTML 1.0 Transitional//EN"
    "http://www.w3.org/TR/xhtml1/DTD/xhtml1-transitional.dtd">
<html xmlns="http://www.w3.org/1999/xhtml" xml:lang="en" lang="en">
 <head>
  <title>
</title>
<meta http-equiv="Content-Type" content="text/html;charset=utf-8" />
  <meta name='ocr-system' content='tesseract 3.04.00' />
  <meta name='ocr-capabilities' content='ocr_page ocr_carea ocr_par ocr_line ocrx_word'/>
</head>
<body>
  <div class='ocr_page' id='page_1' title='image "./jacobivanieriip00vanigoog_0061.png"; bbox 0 0 2359 3975; ppageno 0'>
   <div class='ocr_carea' id='block_1_1' title="bbox 293 451 865 543">
    <p class='ocr_par' dir='ltr' id='par_1_1' title="bbox 293 451 865 543">
     <span class='ocr_line' id='line_1_1' title="bbox 293 451 865 543; baseline -0.003 -20"><span class='ocrx_word' id='word_1_1' title='bbox 293 460 342 543; x_wconf 78' lang='lat'>&#39;¹4</span> <span class='ocrx_word' id='word_1_2' title='bbox 415 451 616 523; x_wconf 72' lang='lat' dir='ltr'>Prnnrr</span> <span class='ocrx_word' id='word_1_3' title='bbox 644 451 865 522; x_wconf 84' lang='lat' dir='ltr'>Rusrtcr</span> 
     </span>
    </p>
   </div>
   <div class='ocr_carea' id='block_1_2' title="bbox 231 568 1097 3125">
    <p class='ocr_par' dir='ltr' id='par_1_2' title="bbox 231 568 1097 3125">
     <span class='ocr_line' id='line_1_2' title="bbox 292 568 960 637; baseline -0.004 -15"><span class='ocrx_word' id='word_1_4' title='bbox 292 570 388 637; x_wconf 77' lang='lat' dir='ltr'>Magnae</span> <span class='ocrx_word' id='word_1_5' title='bbox 405 574 492 621; x_wconf 83' lang='lat' dir='ltr'>mentis</span> <span class='ocrx_word' id='word_1_6' title='bbox 509 586 568 637; x_wconf 89' lang='lat' dir='ltr'>opus</span> <span class='ocrx_word' id='word_1_7' title='bbox 581 571 588 620; x_wconf 85' lang='lat' dir='ltr'>i</span> <span class='ocrx_word' id='word_1_8' title='bbox 605 568 692 637; x_wconf 82' lang='lat' dir='ltr'>quod,</span> <span class='ocrx_word' id='word_1_9' title='bbox 710 568 727 619; x_wconf 78' lang='lat' dir='ltr'>fi</span> <span class='ocrx_word' id='word_1_10' title='bbox 742 570 855 619; x_wconf 83' lang='lat' dir='ltr'>mortalia</span> <span class='ocrx_word' id='word_1_11' title='bbox 870 585 960 632; x_wconf 84' lang='lat' dir='ltr'>curer,</span> 
     </span>
     <span class='ocr_line' id='line_1_3' title="bbox 291 648 945 717; baseline -0.005 -18"><span class='ocrx_word' id='word_1_12' title='bbox 291 649 331 699; x_wconf 89' lang='lat' dir='ltr'>Tu</span> <span class='ocrx_word' id='word_1_13' title='bbox 345 666 441 717; x_wconf 86' lang='lat' dir='ltr'>quoque</span> <span class='ocrx_word' id='word_1_14' title='bbox 456 666 519 701; x_wconf 90' lang='lat' dir='ltr'>nunc</span> <span class='ocrx_word' id='word_1_15' title='bbox 537 651 602 699; x_wconf 79' lang='lat' dir='ltr'>coelo</span> <span class='ocrx_word' id='word_1_16' title='bbox 615 648 696 700; x_wconf 85' lang='lat' dir='ltr'>videar</span> <span class='ocrx_word' id='word_1_17' title='bbox 712 652 810 699; x_wconf 78' lang='lat' dir='ltr'>miratus</span> <span class='ocrx_word' id='word_1_18' title='bbox 827 649 857 697; x_wconf 85' lang='lat' dir='ltr'>ab</span> <span class='ocrx_word' id='word_1_19' title='bbox 874 649 945 709; x_wconf 78' lang='lat' dir='ltr'>alto,</span> 
     </span>
     <span class='ocr_line' id='line_1_4' title="bbox 289 725 925 797; baseline -0.005 -18"><span class='ocrx_word' id='word_1_20' title='bbox 289 725 325 779; x_wconf 86' lang='lat' dir='ltr'>Ni</span> <span class='ocrx_word' id='word_1_21' title='bbox 346 730 409 780; x_wconf 87' lang='lat' dir='ltr'>soret</span> <span class='ocrx_word' id='word_1_22' title='bbox 425 734 450 779; x_wconf 87' lang='lat' dir='ltr'>in</span> <span class='ocrx_word' id='word_1_23' title='bbox 467 734 533 781; x_wconf 84' lang='lat' dir='ltr'>terris</span> <span class='ocrx_word' id='word_1_24' title='bbox 548 730 632 780; x_wconf 88' lang='lat' dir='ltr'>oculos</span> <span class='ocrx_word' id='word_1_25' title='bbox 648 746 698 797; x_wconf 94' lang='lat' dir='ltr'>quo</span> <span class='ocrx_word' id='word_1_26' title='bbox 716 731 809 795; x_wconf 88' lang='lat' dir='ltr'>pascere</span> <span class='ocrx_word' id='word_1_27' title='bbox 824 730 900 778; x_wconf 83' lang='lat' dir='ltr'>mavis</span> <span class='ocrx_word' id='word_1_28' title='bbox 922 771 925 775; x_wconf 93' lang='lat'>.</span> 
     </span>
     <span class='ocr_line' id='line_1_5' title="bbox 290 806 952 875; baseline -0.002 -17"><span class='ocrx_word' id='word_1_29' title='bbox 290 806 408 860; x_wconf 85' lang='lat' dir='ltr'>Lamonia</span> <span class='ocrx_word' id='word_1_30' title='bbox 424 807 454 859; x_wconf 88' lang='lat' dir='ltr'>de</span> <span class='ocrx_word' id='word_1_31' title='bbox 469 824 546 860; x_wconf 88' lang='lat' dir='ltr'>matre</span> <span class='ocrx_word' id='word_1_32' title='bbox 563 810 662 875; x_wconf 83' lang='lat' dir='ltr'>Nepos,</span> <span class='ocrx_word' id='word_1_33' title='bbox 679 812 718 858; x_wconf 85' lang='lat' dir='ltr'>cui</span> <span class='ocrx_word' id='word_1_34' title='bbox 734 824 821 874; x_wconf 83' lang='lat' dir='ltr'>magna</span> <span class='ocrx_word' id='word_1_35' title='bbox 837 821 952 873; x_wconf 83' lang='lat' dir='ltr'>parantur</span> 
     </span>
     <span class='ocr_line' id='line_1_6' title="bbox 289 880 936 945; baseline -0.003 -9"><span class='ocrx_word' id='word_1_36' title='bbox 289 880 415 937; x_wconf 78' lang='lat' dir='ltr'>Virtutum</span> <span class='ocrx_word' id='word_1_37' title='bbox 432 886 577 938; x_wconf 88' lang='lat' dir='ltr'>documenta</span> <span class='ocrx_word' id='word_1_38' title='bbox 593 885 662 937; x_wconf 87' lang='lat' dir='ltr'>domi</span> <span class='ocrx_word' id='word_1_39' title='bbox 674 903 682 945; x_wconf 79' lang='lat'>3</span> <span class='ocrx_word' id='word_1_40' title='bbox 695 888 735 935; x_wconf 88' lang='lat' dir='ltr'>seu</span> <span class='ocrx_word' id='word_1_41' title='bbox 752 887 815 936; x_wconf 86' lang='lat' dir='ltr'>clara</span> <span class='ocrx_word' id='word_1_42' title='bbox 829 887 936 935; x_wconf 89' lang='lat' dir='ltr'>Parentis</span> 
     </span>
     <span class='ocr_line' id='line_1_7' title="bbox 289 959 928 1031; baseline -0.005 -16"><span class='ocrx_word' id='word_1_43' title='bbox 289 963 340 1015; x_wconf 73' lang='lat' dir='ltr'>Aut</span> <span class='ocrx_word' id='word_1_44' title='bbox 360 966 439 1016; x_wconf 88' lang='lat' dir='ltr'>Patrui</span> <span class='ocrx_word' id='word_1_45' title='bbox 455 959 545 1016; x_wconf 83' lang='lat' dir='ltr'>insistat</span> <span class='ocrx_word' id='word_1_46' title='bbox 559 967 679 1031; x_wconf 73' lang='lat' dir='ltr'>vestigiat</span> <span class='ocrx_word' id='word_1_47' title='bbox 697 965 787 1015; x_wconf 82' lang='lat' dir='ltr'>Martia</span> <span class='ocrx_word' id='word_1_48' title='bbox 801 962 928 1030; x_wconf 79' lang='lat' dir='ltr'>quondam</span> 
     </span>
     <span class='ocr_line' id='line_1_8' title="bbox 291 1040 1004 1107; baseline 0.001 -17"><span class='ocrx_word' id='word_1_49' title='bbox 291 1040 338 1091; x_wconf 82' lang='lat' dir='ltr'>Seu</span> <span class='ocrx_word' id='word_1_50' title='bbox 348 1042 431 1107; x_wconf 82' lang='lat' dir='ltr'>galea,</span> <span class='ocrx_word' id='word_1_51' title='bbox 443 1057 484 1092; x_wconf 87' lang='lat' dir='ltr'>aut</span> <span class='ocrx_word' id='word_1_52' title='bbox 494 1042 622 1093; x_wconf 86' lang='lat' dir='ltr'><strong>Themidis</strong></span> <span class='ocrx_word' id='word_1_53' title='bbox 638 1044 714 1093; x_wconf 87' lang='lat' dir='ltr'>sacros</span> <span class='ocrx_word' id='word_1_54' title='bbox 725 1056 817 1107; x_wconf 85' lang='lat' dir='ltr'>premat</span> <span class='ocrx_word' id='word_1_55' title='bbox 826 1040 905 1091; x_wconf 84' lang='lat' dir='ltr'>infula</span> <span class='ocrx_word' id='word_1_56' title='bbox 914 1043 1004 1091; x_wconf 71' lang='lat' dir='ltr'>crines·</span> 
     </span>
     <span class='ocr_line' id='line_1_9' title="bbox 325 1118 969 1185; baseline -0.005 -16"><span class='ocrx_word' id='word_1_57' title='bbox 325 1118 399 1169; x_wconf 77' lang='lat' dir='ltr'>Arida</span> <span class='ocrx_word' id='word_1_58' title='bbox 415 1136 478 1169; x_wconf 81' lang='lat' dir='ltr'>nturc</span> <span class='ocrx_word' id='word_1_59' title='bbox 495 1122 568 1185; x_wconf 77' lang='lat' dir='ltr'>riguis</span> <span class='ocrx_word' id='word_1_60' title='bbox 586 1122 628 1169; x_wconf 86' lang='lat' dir='ltr'>ubi</span> <span class='ocrx_word' id='word_1_61' title='bbox 641 1120 748 1171; x_wconf 89' lang='lat' dir='ltr'>sontibus</span> <span class='ocrx_word' id='word_1_62' title='bbox 764 1136 820 1168; x_wconf 85' lang='lat' dir='ltr'>arva</span> <span class='ocrx_word' id='word_1_63' title='bbox 834 1119 969 1179; x_wconf 88' lang='lat' dir='ltr'>carebunt,</span> 
     </span>
     <span class='ocr_line' id='line_1_10' title="bbox 231 1192 946 1264; baseline -0.006 -17"><span class='ocrx_word' id='word_1_64' title='bbox 231 1194 235 1201; x_wconf 82' lang='grc'><strong>’</strong></span> <span class='ocrx_word' id='word_1_65' title='bbox 292 1198 411 1264; x_wconf 81' lang='lat' dir='ltr'>Signaque</span> <span class='ocrx_word' id='word_1_66' title='bbox 426 1192 555 1263; x_wconf 78' lang='lat' dir='ltr'>deprendes</span> <span class='ocrx_word' id='word_1_67' title='bbox 570 1198 677 1263; x_wconf 75' lang='lat' dir='ltr'>lymphae</span> <span class='ocrx_word' id='word_1_68' title='bbox 692 1196 816 1247; x_wconf 85' lang='lat' dir='ltr'>manifesta</span> <span class='ocrx_word' id='word_1_69' title='bbox 832 1195 946 1254; x_wconf 78' lang='lat' dir='ltr'>latentis3</span> 
     </span>
     <span class='ocr_line' id='line_1_11' title="bbox 293 1272 848 1339; baseline -0.002 -16"><span class='ocrx_word' id='word_1_70' title='bbox 293 1272 429 1325; x_wconf 85' lang='lat' dir='ltr'>Gaudentes</span> <span class='ocrx_word' id='word_1_71' title='bbox 447 1276 510 1325; x_wconf 82' lang='lat' dir='ltr'>coelo</span> <span class='ocrx_word' id='word_1_72' title='bbox 528 1275 609 1325; x_wconf 87' lang='lat' dir='ltr'>latices</span> <span class='ocrx_word' id='word_1_73' title='bbox 625 1291 763 1339; x_wconf 82' lang='lat' dir='ltr'>erumpere,</span> <span class='ocrx_word' id='word_1_74' title='bbox 782 1275 848 1323; x_wconf 88' lang='lat' dir='ltr'>terris</span> 
     </span>
     <span class='ocr_line' id='line_1_12' title="bbox 291 1350 838 1419; baseline -0.004 -16"><span class='ocrx_word' id='word_1_75' title='bbox 291 1350 380 1403; x_wconf 79' lang='lat' dir='ltr'>Eruet</span> <span class='ocrx_word' id='word_1_76' title='bbox 398 1369 423 1405; x_wconf 91' lang='lat' dir='ltr'>at</span> <span class='ocrx_word' id='word_1_77' title='bbox 437 1352 532 1405; x_wconf 88' lang='lat' dir='ltr'>indiciis</span> <span class='ocrx_word' id='word_1_78' title='bbox 547 1370 577 1403; x_wconf 91' lang='lat' dir='ltr'>ne</span> <span class='ocrx_word' id='word_1_79' title='bbox 595 1350 712 1419; x_wconf 81' lang='lat' dir='ltr'>decipiare</span> <span class='ocrx_word' id='word_1_80' title='bbox 730 1351 838 1415; x_wconf 83' lang='lat' dir='ltr'>dolosis,</span> 
     </span>
     <span class='ocr_line' id='line_1_13' title="bbox 292 1428 933 1497; baseline 0.002 -18"><span class='ocrx_word' id='word_1_81' title='bbox 292 1428 367 1480; x_wconf 73' lang='lat' dir='ltr'>Mani</span> <span class='ocrx_word' id='word_1_82' title='bbox 383 1431 479 1497; x_wconf 76' lang='lat' dir='ltr'>plagam</span> <span class='ocrx_word' id='word_1_83' title='bbox 496 1430 553 1481; x_wconf 76' lang='lat' dir='ltr'>coeli</span> <span class='ocrx_word' id='word_1_84' title='bbox 570 1432 662 1481; x_wconf 80' lang='lat' dir='ltr'>Phoebo</span> <span class='ocrx_word' id='word_1_85' title='bbox 680 1430 790 1480; x_wconf 89' lang='lat' dir='ltr'>nascente</span> <span class='ocrx_word' id='word_1_86' title='bbox 807 1431 933 1480; x_wconf 89' lang='lat' dir='ltr'>rubentem</span> 
     </span>
     <span class='ocr_line' id='line_1_14' title="bbox 293 1504 988 1575; baseline -0.004 -16"><span class='ocrx_word' id='word_1_87' title='bbox 293 1504 385 1559; x_wconf 82' lang='lat' dir='ltr'>Pronus</span> <span class='ocrx_word' id='word_1_88' title='bbox 401 1511 469 1559; x_wconf 84' lang='lat' dir='ltr'>humi</span> <span class='ocrx_word' id='word_1_89' title='bbox 486 1506 626 1575; x_wconf 82' lang='lat' dir='ltr'>speculare3</span> <span class='ocrx_word' id='word_1_90' title='bbox 644 1509 722 1559; x_wconf 82' lang='lat' dir='ltr'>levem</span> <span class='ocrx_word' id='word_1_91' title='bbox 739 1510 878 1573; x_wconf 83' lang='lat' dir='ltr'>consurgere</span> <span class='ocrx_word' id='word_1_92' title='bbox 897 1506 988 1558; x_wconf 84' lang='lat' dir='ltr'>nubem</span> 
     </span>
     <span class='ocr_line' id='line_1_15' title="bbox 294 1584 911 1653; baseline -0.006 -16"><span class='ocrx_word' id='word_1_93' title='bbox 294 1588 320 1637; x_wconf 84' lang='lat' dir='ltr'>Si</span> <span class='ocrx_word' id='word_1_94' title='bbox 337 1586 435 1649; x_wconf 83' lang='lat' dir='ltr'>videas,</span> <span class='ocrx_word' id='word_1_95' title='bbox 454 1588 580 1653; x_wconf 85' lang='lat' dir='ltr'>tenuesque</span> <span class='ocrx_word' id='word_1_96' title='bbox 598 1584 650 1635; x_wconf 90' lang='lat' dir='ltr'>solo</span> <span class='ocrx_word' id='word_1_97' title='bbox 669 1587 692 1634; x_wconf 93' lang='lat' dir='ltr'>se</span> <span class='ocrx_word' id='word_1_98' title='bbox 708 1585 793 1635; x_wconf 91' lang='lat' dir='ltr'>tollere</span> <span class='ocrx_word' id='word_1_99' title='bbox 813 1585 911 1645; x_wconf 89' lang='lat' dir='ltr'>fumos,</span> 
     </span>
     <span class='ocr_line' id='line_1_16' title="bbox 293 1659 1003 1729; baseline -0.007 -15"><span class='ocrx_word' id='word_1_100' title='bbox 293 1663 406 1729; x_wconf 87' lang='lat' dir='ltr'>Lympha</span> <span class='ocrx_word' id='word_1_101' title='bbox 421 1664 479 1714; x_wconf 87' lang='lat' dir='ltr'>latet</span> <span class='ocrx_word' id='word_1_102' title='bbox 490 1682 496 1713; x_wconf 72' lang='lat' dir='ltr'>a</span> <span class='ocrx_word' id='word_1_103' title='bbox 507 1680 570 1714; x_wconf 85' lang='lat' dir='ltr'>nova</span> <span class='ocrx_word' id='word_1_104' title='bbox 584 1660 649 1729; x_wconf 80' lang='lat' dir='ltr'>signa</span> <span class='ocrx_word' id='word_1_105' title='bbox 664 1660 755 1712; x_wconf 89' lang='lat' dir='ltr'>dabunt</span> <span class='ocrx_word' id='word_1_106' title='bbox 770 1666 796 1712; x_wconf 73' lang='lat' dir='ltr'>it</span> <span class='ocrx_word' id='word_1_107' title='bbox 810 1662 904 1711; x_wconf 86' lang='lat' dir='ltr'>muscus</span> <span class='ocrx_word' id='word_1_108' title='bbox 921 1659 1003 1727; x_wconf 89' lang='lat' dir='ltr'>aquosr</span> 
     </span>
     <span class='ocr_line' id='line_1_17' title="bbox 294 1737 1021 1808; baseline -0.004 -17"><span class='ocrx_word' id='word_1_109' title='bbox 294 1741 366 1791; x_wconf 83' lang='lat' dir='ltr'>Rurls</span> <span class='ocrx_word' id='word_1_110' title='bbox 381 1755 478 1801; x_wconf 85' lang='lat' dir='ltr'>amans,</span> <span class='ocrx_word' id='word_1_111' title='bbox 495 1742 647 1808; x_wconf 87' lang='lat' dir='ltr'>culicumque</span> <span class='ocrx_word' id='word_1_112' title='bbox 661 1737 746 1805; x_wconf 76' lang='lat' dir='ltr'>globus</span> <span class='ocrx_word' id='word_1_113' title='bbox 760 1740 881 1790; x_wconf 83' lang='lat' dir='ltr'>revolutus</span> <span class='ocrx_word' id='word_1_114' title='bbox 895 1742 922 1789; x_wconf 89' lang='lat' dir='ltr'>in</span> <span class='ocrx_word' id='word_1_115' title='bbox 934 1740 1021 1800; x_wconf 73' lang='lat' dir='ltr'>orbem</span> 
     </span>
     <span class='ocr_line' id='line_1_18' title="bbox 291 1812 921 1885; baseline -0.005 -17"><span class='ocrx_word' id='word_1_116' title='bbox 291 1814 418 1885; x_wconf 89' lang='lat' dir='ltr'>Desuper,</span> <span class='ocrx_word' id='word_1_117' title='bbox 435 1822 460 1867; x_wconf 88' lang='lat'>&amp;</span> <span class='ocrx_word' id='word_1_118' title='bbox 476 1812 574 1867; x_wconf 76' lang='lat' dir='ltr'>madida</span> <span class='ocrx_word' id='word_1_119' title='bbox 590 1815 695 1881; x_wconf 79' lang='lat' dir='ltr'>gaudens</span> <span class='ocrx_word' id='word_1_120' title='bbox 714 1817 800 1866; x_wconf 90' lang='lat' dir='ltr'>tellure</span> <span class='ocrx_word' id='word_1_121' title='bbox 815 1818 921 1879; x_wconf 88' lang='lat' dir='ltr'>conysa,</span> 
     </span>
     <span class='ocr_line' id='line_1_19' title="bbox 294 1890 994 1962; baseline -0.007 -15"><span class='ocrx_word' id='word_1_122' title='bbox 294 1892 327 1947; x_wconf 80' lang='lat' dir='ltr'>Et</span> <span class='ocrx_word' id='word_1_123' title='bbox 343 1898 427 1962; x_wconf 86' lang='lat' dir='ltr'>junci,</span> <span class='ocrx_word' id='word_1_124' title='bbox 444 1898 469 1944; x_wconf 87' lang='lat'>&amp;</span> <span class='ocrx_word' id='word_1_125' title='bbox 484 1894 582 1954; x_wconf 84' lang='lat' dir='ltr'>salices,</span> <span class='ocrx_word' id='word_1_126' title='bbox 601 1897 627 1943; x_wconf 71' lang='lat' dir='ltr'>it</span> <span class='ocrx_word' id='word_1_127' title='bbox 643 1890 784 1943; x_wconf 84' lang='lat' dir='ltr'>arundiserae</span> <span class='ocrx_word' id='word_1_128' title='bbox 799 1893 972 1955; x_wconf 76' lang='lat' dir='ltr'>calaminthae,</span> <span class='ocrx_word' id='word_1_129' title='bbox 990 1894 994 1899; x_wconf 79' lang='grc'><em>’</em></span> 
     </span>
     <span class='ocr_line' id='line_1_20' title="bbox 294 1972 911 2040; baseline -0.01 -13"><span class='ocrx_word' id='word_1_130' title='bbox 294 1972 327 2027; x_wconf 82' lang='lat' dir='ltr'>Et</span> <span class='ocrx_word' id='word_1_131' title='bbox 344 1973 409 2025; x_wconf 89' lang='lat' dir='ltr'>dulci</span> <span class='ocrx_word' id='word_1_132' title='bbox 426 1987 547 2040; x_wconf 89' lang='lat' dir='ltr'>quotquot</span> <span class='ocrx_word' id='word_1_133' title='bbox 562 1972 659 2022; x_wconf 81' lang='lat' dir='ltr'>frutices</span> <span class='ocrx_word' id='word_1_134' title='bbox 674 1973 776 2022; x_wconf 88' lang='lat' dir='ltr'>humore</span> <span class='ocrx_word' id='word_1_135' title='bbox 793 1986 911 2022; x_wconf 83' lang='lat' dir='ltr'>creantur.</span> 
     </span>
     <span class='ocr_line' id='line_1_21' title="bbox 328 2044 901 2112; baseline 0 -16"><span class='ocrx_word' id='word_1_136' title='bbox 328 2047 427 2096; x_wconf 80' lang='lat' dir='ltr'>Talibus</span> <span class='ocrx_word' id='word_1_137' title='bbox 444 2044 559 2108; x_wconf 84' lang='lat' dir='ltr'>indiclis,</span> <span class='ocrx_word' id='word_1_138' title='bbox 578 2050 604 2096; x_wconf 76' lang='grc' dir='ltr'>δι</span> <span class='ocrx_word' id='word_1_139' title='bbox 621 2061 673 2096; x_wconf 84' lang='lat' dir='ltr'>non</span> <span class='ocrx_word' id='word_1_140' title='bbox 687 2049 815 2112; x_wconf 86' lang='lat' dir='ltr'>interprete</span> <span class='ocrx_word' id='word_1_141' title='bbox 832 2045 901 2111; x_wconf 67' lang='lat' dir='ltr'>virgi</span> 
     </span>
     <span class='ocr_line' id='line_1_22' title="bbox 294 2122 900 2192; baseline -0.007 -16"><span class='ocrx_word' id='word_1_142' title='bbox 294 2123 404 2176; x_wconf 71' lang='lat' dir='ltr'>flexibili</span> <span class='ocrx_word' id='word_1_143' title='bbox 418 2157 427 2184; x_wconf 88' lang='lat'>,</span> <span class='ocrx_word' id='word_1_144' title='bbox 441 2126 541 2174; x_wconf 86' lang='lat' dir='ltr'>rimatur</span> <span class='ocrx_word' id='word_1_145' title='bbox 557 2138 650 2192; x_wconf 88' lang='lat' dir='ltr'>aquas,</span> <span class='ocrx_word' id='word_1_146' title='bbox 668 2127 710 2190; x_wconf 89' lang='lat' dir='ltr'>qui</span> <span class='ocrx_word' id='word_1_147' title='bbox 726 2122 806 2190; x_wconf 87' lang='lat' dir='ltr'>judice</span> <span class='ocrx_word' id='word_1_148' title='bbox 821 2123 900 2174; x_wconf 85' lang='lat' dir='ltr'>sontes</span> 
     </span>
     <span class='ocr_line' id='line_1_23' title="bbox 274 2202 826 2267; baseline -0.004 -13"><span class='ocrx_word' id='word_1_149' title='bbox 274 2260 276 2267; x_wconf 31' lang='lat'><strong>¹</strong></span> <span class='ocrx_word' id='word_1_150' title='bbox 294 2203 363 2265; x_wconf 89' lang='lat' dir='ltr'>Quos</span> <span class='ocrx_word' id='word_1_151' title='bbox 379 2202 453 2252; x_wconf 85' lang='lat' dir='ltr'>ocirlo</span> <span class='ocrx_word' id='word_1_152' title='bbox 471 2206 559 2264; x_wconf 85' lang='lat' dir='ltr'>novit,</span> <span class='ocrx_word' id='word_1_153' title='bbox 575 2202 638 2252; x_wconf 69' lang='lat' dir='ltr'>miri</span> <span class='ocrx_word' id='word_1_154' title='bbox 657 2202 759 2251; x_wconf 86' lang='lat' dir='ltr'>feliciter</span> <span class='ocrx_word' id='word_1_155' title='bbox 776 2216 826 2252; x_wconf 85' lang='lat' dir='ltr'>arte</span> 
     </span>
     <span class='ocr_line' id='line_1_24' title="bbox 294 2276 958 2346; baseline -0.006 -15"><span class='ocrx_word' id='word_1_156' title='bbox 294 2276 412 2331; x_wconf 72' lang='lat' dir='ltr'>Praedicat</span> <span class='ocrx_word' id='word_1_157' title='bbox 429 2284 535 2331; x_wconf 76' lang='lat' dir='ltr'>inventas</span> <span class='ocrx_word' id='word_1_158' title='bbox 554 2298 560 2330; x_wconf 74' lang='grc' dir='ltr'><strong><em>ε</em></strong></span> <span class='ocrx_word' id='word_1_159' title='bbox 577 2277 642 2346; x_wconf 83' lang='lat' dir='ltr'>quasi</span> <span class='ocrx_word' id='word_1_160' title='bbox 661 2280 715 2328; x_wconf 89' lang='lat' dir='ltr'>sons</span> <span class='ocrx_word' id='word_1_161' title='bbox 731 2281 840 2330; x_wconf 82' lang='lat' dir='ltr'>occultus</span> <span class='ocrx_word' id='word_1_162' title='bbox 856 2280 883 2328; x_wconf 88' lang='lat' dir='ltr'>in</span> <span class='ocrx_word' id='word_1_163' title='bbox 898 2293 958 2344; x_wconf 83' lang='lat' dir='ltr'>agro</span> 
     </span>
     <span class='ocr_line' id='line_1_25' title="bbox 294 2355 890 2422; baseline -0.01 -10"><span class='ocrx_word' id='word_1_164' title='bbox 294 2359 431 2412; x_wconf 71' lang='lat' dir='ltr'>Cunarum</span> <span class='ocrx_word' id='word_1_165' title='bbox 444 2358 523 2410; x_wconf 71' lang='lat' dir='ltr'>valeat</span> <span class='ocrx_word' id='word_1_166' title='bbox 541 2358 619 2422; x_wconf 86' lang='lat' dir='ltr'>coryli</span> <span class='ocrx_word' id='word_1_167' title='bbox 636 2355 758 2407; x_wconf 72' lang='lat' dir='ltr'>deflestere</span> <span class='ocrx_word' id='word_1_168' title='bbox 776 2373 890 2416; x_wconf 86' lang='lat' dir='ltr'>ramum,</span> 
     </span>
     <span class='ocr_line' id='line_1_26' title="bbox 294 2434 1018 2504; baseline -0.008 -15"><span class='ocrx_word' id='word_1_169' title='bbox 294 2437 364 2490; x_wconf 76' lang='lat' dir='ltr'>Altus</span> <span class='ocrx_word' id='word_1_170' title='bbox 381 2441 446 2504; x_wconf 86' lang='lat' dir='ltr'>aquis</span> <span class='ocrx_word' id='word_1_171' title='bbox 462 2453 505 2486; x_wconf 89' lang='lat' dir='ltr'>nec</span> <span class='ocrx_word' id='word_1_172' title='bbox 522 2439 593 2502; x_wconf 86' lang='lat' dir='ltr'>possrt</span> <span class='ocrx_word' id='word_1_173' title='bbox 609 2434 674 2486; x_wconf 89' lang='lat' dir='ltr'>idem</span> <span class='ocrx_word' id='word_1_174' title='bbox 694 2434 837 2486; x_wconf 86' lang='lat' dir='ltr'>torrentibus</span> <span class='ocrx_word' id='word_1_175' title='bbox 854 2437 942 2484; x_wconf 84' lang='lat' dir='ltr'>amnis.</span> <span class='ocrx_word' id='word_1_176' title='bbox 1012 2457 1018 2462; x_wconf 89' lang='lat'><strong>·</strong></span> 
     </span>
     <span class='ocr_line' id='line_1_27' title="bbox 328 2511 925 2578; baseline -0.008 -13"><span class='ocrx_word' id='word_1_177' title='bbox 328 2517 367 2565; x_wconf 76' lang='lat' dir='ltr'>sic</span> <span class='ocrx_word' id='word_1_178' title='bbox 384 2517 460 2564; x_wconf 85' lang='lat' dir='ltr'>curvis</span> <span class='ocrx_word' id='word_1_179' title='bbox 477 2513 538 2562; x_wconf 91' lang='lat' dir='ltr'>olim</span> <span class='ocrx_word' id='word_1_180' title='bbox 555 2511 645 2562; x_wconf 85' lang='lat' dir='ltr'>baculis</span> <span class='ocrx_word' id='word_1_181' title='bbox 667 2515 773 2563; x_wconf 87' lang='lat' dir='ltr'>emensus</span> <span class='ocrx_word' id='word_1_182' title='bbox 788 2511 925 2578; x_wconf 86' lang='lat' dir='ltr'>Olympum</span> 
     </span>
     <span class='ocr_line' id='line_1_28' title="bbox 294 2585 1097 2658; baseline -0.007 -15"><span class='ocrx_word' id='word_1_183' title='bbox 294 2591 378 2657; x_wconf 77' lang='lat' dir='ltr'>Augur</span> <span class='ocrx_word' id='word_1_184' title='bbox 394 2585 446 2641; x_wconf 76' lang='lat' dir='ltr'>ave&#39;s</span> <span class='ocrx_word' id='word_1_185' title='bbox 468 2591 550 2639; x_wconf 76' lang='lat' dir='ltr'>Rome</span> <span class='ocrx_word' id='word_1_186' title='bbox 570 2590 693 2656; x_wconf 75' lang='lat' dir='ltr'>spetians&#39;,</span> <span class='ocrx_word' id='word_1_187' title='bbox 714 2606 767 2658; x_wconf 77' lang='lat' dir='ltr'>quac</span> <span class='ocrx_word' id='word_1_188' title='bbox 782 2605 863 2639; x_wconf 91' lang='lat' dir='ltr'>mente</span> <span class='ocrx_word' id='word_1_189' title='bbox 878 2589 958 2654; x_wconf 81' lang='lat' dir='ltr'>sagati</span> <span class='ocrx_word' id='word_1_190' title='bbox 987 2608 992 2615; x_wconf 91' lang='lat'>·</span> <span class='ocrx_word' id='word_1_191' title='bbox 1091 2643 1097 2654; x_wconf 34' lang='grc' dir='ltr'>ι</span> 
     </span>
     <span class='ocr_line' id='line_1_29' title="bbox 294 2663 963 2725; baseline -0.012 -9"><span class='ocrx_word' id='word_1_192' title='bbox 294 2665 413 2725; x_wconf 79' lang='lat' dir='ltr'>Viderat,</span> <span class='ocrx_word' id='word_1_193' title='bbox 431 2679 459 2714; x_wconf 81' lang='lat' dir='ltr'>tx</span> <span class='ocrx_word' id='word_1_194' title='bbox 475 2663 602 2715; x_wconf 85' lang='lat' dir='ltr'>volucrum</span> <span class='ocrx_word' id='word_1_195' title='bbox 615 2667 710 2714; x_wconf 90' lang='lat' dir='ltr'>monitu</span> <span class='ocrx_word' id='word_1_196' title='bbox 724 2678 824 2712; x_wconf 85' lang='lat' dir='ltr'>ventura</span> <span class='ocrx_word' id='word_1_197' title='bbox 841 2663 963 2721; x_wconf 88' lang='lat' dir='ltr'>canebat,</span> 
     </span>
     <span class='ocr_line' id='line_1_30' title="bbox 297 2737 912 2810; baseline -0.015 -14"><span class='ocrx_word' id='word_1_198' title='bbox 297 2743 353 2796; x_wconf 83' lang='lat' dir='ltr'>Plus</span> <span class='ocrx_word' id='word_1_199' title='bbox 370 2744 452 2794; x_wconf 88' lang='lat' dir='ltr'>avibus</span> <span class='ocrx_word' id='word_1_200' title='bbox 466 2741 539 2810; x_wconf 74' lang='lat' dir='ltr'>quim</span> <span class='ocrx_word' id='word_1_201' title='bbox 558 2740 662 2791; x_wconf 81' lang='lat' dir='ltr'>confiliis</span> <span class='ocrx_word' id='word_1_202' title='bbox 680 2738 790 2791; x_wconf 89' lang='lat' dir='ltr'>credente</span> <span class='ocrx_word' id='word_1_203' title='bbox 805 2737 912 2805; x_wconf 89' lang='lat' dir='ltr'>popello.</span> 
     </span>
     <span class='ocr_line' id='line_1_31' title="bbox 331 2819 913 2887; baseline -0.017 -13"><span class='ocrx_word' id='word_1_204' title='bbox 331 2825 374 2874; x_wconf 89' lang='lat' dir='ltr'>Me</span> <span class='ocrx_word' id='word_1_205' title='bbox 391 2821 502 2887; x_wconf 77' lang='lat' dir='ltr'>prasente</span> <span class='ocrx_word' id='word_1_206' title='bbox 516 2819 585 2870; x_wconf 86' lang='lat' dir='ltr'>suam</span> <span class='ocrx_word' id='word_1_207' title='bbox 602 2833 676 2886; x_wconf 88' lang='lat' dir='ltr'>nuper</span> <span class='ocrx_word' id='word_1_208' title='bbox 695 2820 820 2885; x_wconf 65' lang='lat' dir='ltr'>jactantior</span> <span class='ocrx_word' id='word_1_209' title='bbox 836 2830 913 2866; x_wconf 80' lang='lat' dir='ltr'>artem</span> 
     </span>
     <span class='ocr_line' id='line_1_32' title="bbox 297 2895 931 2963; baseline -0.019 -10"><span class='ocrx_word' id='word_1_210' title='bbox 297 2902 328 2954; x_wconf 85' lang='lat' dir='ltr'>ln</span> <span class='ocrx_word' id='word_1_211' title='bbox 340 2899 430 2950; x_wconf 83' lang='lat' dir='ltr'>coelum</span> <span class='ocrx_word' id='word_1_212' title='bbox 446 2914 501 2948; x_wconf 86' lang='lat' dir='ltr'>curn</span> <span class='ocrx_word' id='word_1_213' title='bbox 517 2895 587 2948; x_wconf 90' lang='lat' dir='ltr'>serret</span> <span class='ocrx_word' id='word_1_214' title='bbox 605 2913 671 2963; x_wconf 79' lang='lat' dir='ltr'>aquae</span> <span class='ocrx_word' id='word_1_215' title='bbox 687 2898 807 2946; x_wconf 75' lang='lat' dir='ltr'>scrutator</span> <span class='ocrx_word' id='word_1_216' title='bbox 822 2897 846 2944; x_wconf 74' lang='lat' dir='ltr'>u</span> <span class='ocrx_word' id='word_1_217' title='bbox 860 2895 931 2953; x_wconf 89' lang='lat' dir='ltr'>auri,</span> 
     </span>
     <span class='ocr_line' id='line_1_33' title="bbox 298 2970 913 3042; baseline -0.016 -13"><span class='ocrx_word' id='word_1_218' title='bbox 298 2979 334 3030; x_wconf 74' lang='lat' dir='ltr'>Ac</span> <span class='ocrx_word' id='word_1_219' title='bbox 351 2977 448 3028; x_wconf 86' lang='lat' dir='ltr'>rudibus</span> <span class='ocrx_word' id='word_1_220' title='bbox 467 2994 517 3027; x_wconf 90' lang='lat' dir='ltr'>rem</span> <span class='ocrx_word' id='word_1_221' title='bbox 537 2991 605 3042; x_wconf 86' lang='lat' dir='ltr'>paene</span> <span class='ocrx_word' id='word_1_222' title='bbox 621 2978 677 3024; x_wconf 90' lang='lat' dir='ltr'>viris</span> <span class='ocrx_word' id='word_1_223' title='bbox 696 2972 821 3033; x_wconf 88' lang='lat' dir='ltr'>suaderet,</span> <span class='ocrx_word' id='word_1_224' title='bbox 842 2970 913 3020; x_wconf 74' lang='lat' dir='ltr'>avari</span> 
     </span>
     <span class='ocr_line' id='line_1_34' title="bbox 299 3049 1016 3125; baseline -0.014 -15"><span class='ocrx_word' id='word_1_225' title='bbox 299 3060 345 3125; x_wconf 80' lang='lat' dir='ltr'>Spe</span> <span class='ocrx_word' id='word_1_226' title='bbox 361 3056 421 3108; x_wconf 85' lang='lat' dir='ltr'>lucri</span> <span class='ocrx_word' id='word_1_227' title='bbox 439 3056 539 3108; x_wconf 87' lang='lat' dir='ltr'>faciente</span> <span class='ocrx_word' id='word_1_228' title='bbox 556 3050 631 3106; x_wconf 84' lang='lat' dir='ltr'>fidem</span> <span class='ocrx_word' id='word_1_229' title='bbox 647 3068 654 3102; x_wconf 74' lang='grc' dir='ltr'><strong>ι</strong></span> <span class='ocrx_word' id='word_1_230' title='bbox 670 3051 796 3104; x_wconf 75' lang='lat' dir='ltr'>fruticante</span> <span class='ocrx_word' id='word_1_231' title='bbox 816 3049 859 3104; x_wconf 86' lang='lat' dir='ltr'>sub</span> <span class='ocrx_word' id='word_1_232' title='bbox 876 3049 951 3102; x_wconf 86' lang='lat' dir='ltr'>herba</span> <span class='ocrx_word' id='word_1_233' title='bbox 1011 3068 1016 3076; x_wconf 87' lang='lat'><strong>·</strong></span> 
     </span>
    </p>
   </div>
   <div class='ocr_carea' id='block_1_3' title="bbox 0 0 1193 3975">
    <p class='ocr_par' dir='ltr' id='par_1_3' title="bbox 0 0 1193 3975">
     <span class='ocr_line' id='line_1_35' title="bbox 0 0 1193 3975; baseline 0 0"><span class='ocrx_word' id='word_1_234' title='bbox 0 0 1193 3975; x_wconf 95' lang='lat' dir='ltr'> </span> 
     </span>
    </p>
   </div>
  </div>
 </body>
</html>
