2359 3975
189 899 388 996 LIBER
433 905 856 1008 UNDECIMUS.

467 1095 573 1155 Vinum.

160 1177 388 1301 Hactenus
406 1252 431 1298 in
444 1250 515 1302 sterili
531 1257 586 1304 satis
600 1255 714 1306 eludatur
731 1274 817 1322 arene,

157 1324 190 1374 Et
206 1323 289 1375 sodere
299 1360 307 1385 ‚
319 1329 344 1376 δι
360 1327 423 1376 ferro
439 1328 502 1378 laetas
518 1333 668 1398 compescere
681 1338 743 1386 viter

156 1401 269 1462 Edocui,
286 1403 373 1454 falcem
389 1409 504 1467 tradens,
521 1407 639 1476 durosque
652 1412 753 1476 ligones.

156 1473 234 1524 Nunc·
243 1491 331 1524 cratere
348 1494 446 1527 manum
463 1497 583 1542 armatus,
598 1500 661 1532 nunc
673 1485 770 1536 sordida
784 1492 861 1542 musto
882 1496 884 1501 '

155 1551 217 1600 vasa
234 1565 335 1616 gerens,
351 1554 423 1604 celles
441 1559 466 1604 dc
480 1559 630 1609 subterranea
640 1551 727 1610 Bacchi

154 1627 265 1695 Hospitio
278 1630 407 1696 ingredior.
424 1633 487 1682 Proh
500 1651 588 1700 quanta
604 1635 823 1706 silentiaiqutntur
893 1645 896 1659 '

154 1705 248 1757 Horror
260 1707 337 1756 inestl
349 1706 399 1757 lato
414 1708 503 1774 pendet
518 1716 655 1762 curvamine
671 1714 750 1765 foruit

153 1783 218 1834 Luce
233 1801 330 1846 carens,
346 1785 462 1853 fumoque
475 1791 558 1854 niger:
569 1789 630 1839 stant
644 1789 729 1842 ordine
745 1794 820 1862 longo

153 1859 229 1910 Dolia
240 1896 249 1920 ,
261 1877 313 1928 quae
328 1862 431 1912 culicum
443 1863 528 1928 globus
537 1855 645 1926 obfiddt3
659 1884 731 1936 atque
742 1873 836 1937 bibaci,
881 1896 884 1904 ·

151 1937 255 1987 Guttula
272 1937 350 2007 siqua
365 1945 424 1990 meri
437 1941 507 1992 costis
522 1941 674 2010 dependeat,
689 1966 731 2000 ore

151 2016 237 2089 Sugit,
253 2022 279 2067 Bc
294 2022 320 2067 in
336 2022 413 2068 varios
429 2022 587 2074 circumvolat
600 2027 677 2076 ebrius
692 2031 770 2081 orbes.
861 2072 865 2076 .

182 2092 290 2153 Bacche,
300 2094 443 2157 soporiferos
456 2098 498 2161 qui
507 2097 619 2163 languida
627 2105 735 2155 membra
745 2124 786 2172 per
795 2126 857 2160 utres

151 2167 391 2233 Projesius‚strepitu
406 2170 490 2233 procul
508 2176 559 2221 otia
573 2172 641 2224 ducis
653 2212 661 2235 ‚
674 2181 775 2231 inertem
792 2212 795 2224 ι

150 2238 240 2291 Excute
255 2254 327 2307 quem
340 2242 428 2307 proflat
441 2243 491 2293 alto
508 2244 537 2295 de
552 2250 646 2311 pedore
659 2253 786 2307 sumntum

148 2320 206 2370 fare
217 2336 260 2387 age
271 2356 279 2382 ,
292 2320 330 2371 dic
341 2324 429 2373 iterum
435 2354 445 2381 ¹,
458 2338 511 2387 quae
521 2323 623 2374 sensibus
632 2329 739 2381 hauserat
749 2338 820 2399 imit,

148 2391 214 2443 Crim
228 2407 252 2442 te
264 2392 367 2458 sepositi
380 2390 503 2458 quondam
519 2393 549 2447 de
562 2412 620 2462 rupe
637 2398 764 2458 docentem

147 2466 231 2519 Audiit
246 2471 329 2519 Aonie
343 2484 495 2535 contemptor
512 2472 625 2524 Horatius
642 2477 720 2531 unde.

179 2547 219 2596 Tu
228 2562 324 2613 quoque
334 2547 422 2597 Phoebe
433 2562 498 2612 pater
506 2582 515 2609 ,
522 2566 618 2601 mecum
627 2570 669 2619 per
677 2562 867 2623 opacalocomw

143 2623 286 2691 Ingredere,
299 2627 396 2689 ignotos
411 2624 486 2675 audax
500 2626 623 2679 recludere
637 2632 732 2690 footere

144 2702 203 2753 Non
217 2716 241 2754 te
251 2701 368 2752 Baccheis
383 2700 453 2752 Pindi
466 2704 531 2755 sacra
542 2706 648 2758 culmina
663 2711 747 2774 cellis,

142 2780 279 2845 Pieriosque
295 2794 362 2829 mero
375 2778 457 2831 latices
470 2779 570 2832 mutasse
581 2785 682 2847 pigebit.

175 2854 229 2904 Irni
245 2870 311 2919 parte
329 2852 416 2903 domnis
430 2854 472 2905 sub
486 2854 577 2905 fornice
593 2856 673 2921 lignea
686 2864 792 2925 primum

141 2930 223 2993 Vasa,
239 2932 383 2982 racemiferis
399 2938 425 2984 &
442 2933 569 2985 calcatoria
584 2935 692 3000 plaustris

137 3009 218 3063 Obvia
233 3010 369 3063 constitues.
384 3010 444 3067 Urit
455 3011 530 3079 iiign'a
544 3012 681 3082 premendir
713 3057 718 3070 „
741 3056 744 3061 .

746 3111 768 3165 K
