2359 3975
777 464 1148 537 Ltnza
1220 469 1282 540 1.
1660 488 1747 569 33

279 584 547 637 Arboribus
573 618 591 644 ,
625 599 783 651 neque
818 600 918 634 tam
948 586 1072 637 belle
1105 586 1318 656 ficusque
1350 589 1537 655 pirique

280 662 542 729 Applicitae
576 667 729 713 muris
761 680 777 722 3
806 662 896 712 illo
924 680 1025 715 non
1052 662 1224 715 ordine
1252 664 1395 716 flores

230 729 236 732 ’
280 738 468 807 Digesti
492 759 510 801 3
550 740 747 805 reliquis
775 756 877 789 non
907 738 969 789 fic
1004 740 1112 790 olus
1141 745 1319 791 emicat
1350 744 1539 792 hortis:

282 816 354 867 Te
387 821 616 885 quamvis
649 818 840 866 absente
875 818 1044 882 procul
1068 854 1085 879 ,
1118 818 1210 869 flos
1238 824 1396 871 omnis
1430 824 1481 870 δε
1514 820 1656 871 arbor

282 888 515 939 Luxuriet
540 924 556 947 ‚
590 891 836 955 niteatque
862 890 1021 940 minus
1045 908 1063 950 ⁰,
1096 908 1211 941 nam
1238 893 1379 959 quale
1402 891 1638 948 'locorum

283 965 353 1017 Te
385 964 684 1017 desiderium
720 980 851 1017 tenet
871 1001 889 1027 ,
926 965 1100 1017 iisdem
1131 967 1309 1034 predia
1339 973 1469 1020 votis

283 1044 353 1093 Te
387 1058 635 1109 repetunt.
672 1045 777 1093 Sint
803 1045 906 1094 haec
934 1044 1032 1094 illis
1069 1045 1238 1096 solatia
1260 1081 1278 1109 ,
1312 1045 1498 1098 Natum

285 1112 449 1183 Queni
481 1136 567 1171 tua
597 1123 852 1171 seEtantem
882 1121 1077 1187 vestigia
1110 1138 1307 1173 munere
1339 1122 1515 1189 gaudes

284 1199 433 1250 Poene
453 1214 621 1264 parem
640 1233 656 1259 ,
687 1202 739 1248 ὅ(
768 1200 950 1247 meritis
977 1215 1076 1248 non
1103 1200 1334 1252 inferiora
1362 1203 1637 1270 sequentem
1653 1234 1675 1273 ρ

284 1272 586 1324 Cursonium
623 1274 825 1338 spectare
849 1306 865 1332 ‚
906 1275 995 1322 viri
1031 1272 1224 1323 mollire
1258 1273 1443 1325 labores
1464 1309 1485 1337 ,

285 1346 346 1397 Et
378 1349 590 1396 saturare
624 1347 733 1396 suos
765 1348 820 1395 in
848 1349 1055 1411 imagine
1085 1350 1233 1413 patris
1262 1365 1466 1401 amores.

346 1426 526 1490 Tuque
557 1421 775 1473 Parifiaci
806 1427 891 1490 qui
915 1427 1036 1473 ruris
1067 1442 1233 1475 amore
1267 1430 1437 1480 teneris
1464 1462 1483 1488 ,

286 1502 460 1554 Define
484 1538 502 1564 ,
537 1500 717 1553 blanda
743 1500 858 1552 licet
882 1537 899 1562 ,
933 1502 1042 1553 loca
1067 1502 1196 1554 velle
1227 1506 1427 1556 revisere
1451 1524 1468 1567 ς
1502 1508 1621 1575 Regi

288 1582 389 1633 Nec
426 1580 612 1647 populo
643 1580 800 1630 furare
835 1577 1004 1629 datum
1039 1595 1086 1629 te
1119 1597 1293 1632 munus
1316 1617 1336 1643 ,
1372 1587 1531 1633 amico

286 1656 473 1708 Divum
502 1653 707 1706 confilio
742 1673 756 1703 ε
792 1668 926 1704 natas
963 1656 1016 1703 in
1051 1654 1245 1718 publica
1277 1670 1461 1705 mentes

286 1731 573 1789 Commoda
600 1730 816 1801 sepofitis
846 1730 997 1781 scelus
1028 1730 1094 1781 est
1121 1728 1211 1782 fibi
1241 1735 1401 1786 vivere
1432 1735 1575 1785 curis.
