2359 3975
287 416 358 512 326
436 416 626 485 Ptrnrr
655 416 871 489 Rusrrcr

283 536 394 587 Membra
411 535 487 587 dolat.
504 536 561 589 Non
577 537 648 601 plena
665 534 733 585 domi
750 537 855 598 senilia,
873 539 928 590 latis

283 614 371 665 Pascua
385 612 425 663 sed
443 610 542 672 fundis,
556 610 637 661 dulces
652 614 679 661 in
692 614 780 677 cespite
796 615 894 675 somni,

282 689 358 739 Aurea
371 688 486 746 libertas,
504 692 528 737 δι
545 689 623 736 nescia
639 689 690 736 vita
705 688 833 737 laborum:

283 764 342 825 Qut
356 764 432 812 bonus
446 760 544 827 indulge
560 761 722 811 nemoralibus
740 766 792 811 otia
807 764 889 813 tauris.

282 841 346 891 Hinc
364 840 439 907 epulis
455 840 566 900 vitulos,
582 838 656 888 fortes
674 836 706 887 ad
723 855 800 887 aratra
810 845 927 905 ‚juvencos

281 914 406 981 Accipies,
418 916 548 983 acutosque
564 913 628 963 feros
641 916 668 962 in
683 912 764 979 praelia
779 928 878 973 tauros,

281 990 367 1041 Martis
380 994 526 1058 inexpertam
540 990 655 1039 formabis
668 988 699 1038 ad
711 1006 778 1038 arma
790 993 925 1055 juventam.

229 1124 233 1131 f
313 1068 401 1117 Nonne
416 1066 482 1119 vides
496 1081 522 1116 ut
537 1068 605 1115 lbera
619 1080 685 1131 paret
701 1081 758 1131 gens
772 1065 845 1116 fortia
860 1068 927 1117 bello

280 1144 377 1195 Perra
390 1182 399 1207 ,
416 1162 539 1195 taurorum
551 1148 631 1195 cursus
645 1145 802 1211 instruihque
814 1145 886 1195 festas

279 1208 363 1271 {ralia
375 1224 542 1273 concelebrans
555 1257 563 1283 ,
577 1225 652 1271 veteri
668 1219 698 1270 de
713 1240 800 1282 more,
816 1241 860 1288 per
875 1224 954 1271 urbes.

280 1300 390 1369 Namque
405 1304 446 1351 ubi
461 1302 588 1353 consedere
602 1306 665 1361 viri,
678 1305 792 1368 pistisque
806 1304 851 1351 sub
867 1304 942 1353 armis

279 1377 391 1445 Egregius
408 1378 472 1430 stetit
486 1383 512 1429 in
526 1378 608 1429 medii
625 1379 728 1428 bellator
745 1379 835 1440 areni,

279 1456 340 1508 Tela
355 1457 407 1507 solo
425 1454 503 1507 defixa
519 1472 601 1506 tenens
613 1474 621 1514 3
635 1459 720 1521 juetam
736 1473 777 1521 per
791 1473 858 1505 aurat

278 1533 404 1599 lmpavido
422 1550 502 1584 taurus
517 1536 578 1600 petit
597 1534 732 1583 irritamina
746 1550 831 1582 cornu.

277 1610 387 1661 Demiffis
403 1610 434 1662 ad
448 1627 534 1662 terram
549 1610 626 1661 oculis
641 1608 700 1659 dum
713 1627 804 1675 pronus
818 1616 845 1661 in
861 1610 956 1660 hostem

278 1685 370 1746 irruit,
385 1687 503 1752 objectam
517 1700 601 1735 contra
615 1701 659 1734 nec
675 1687 770 1751 respicit
786 1686 896 1746 hastam,

278 1763 343 1812 Ferri
359 1769 435 1815 aciem
452 1770 512 1831 petit
529 1763 687 1831 imprudens,
704 1769 728 1815 δι
746 1765 852 1815 vulneris
871 1767 955 1815 autior

280 1841 332 1906 ipse
344 1844 379 1891 sui
392 1878 400 1904 ,
411 1842 485 1893 frusto
503 1842 611 1893 demittit
623 1847 650 1892 in
666 1841 718 1892 offa
733 1843 844 1892 cerebro:

279 1917 397 1983 Priteipiti
414 1919 507 1970 tantum
524 1935 596 1969 nocet
610 1922 687 1969 acrior
700 1923 735 1969 ira
750 1918 852 1970 duello?

312 1998 371 2046 Sunt
386 2001 447 2062 qui,
466 2000 521 2048 bina
534 1997 578 2048 feri
595 1999 664 2049 bovis
677 1999 739 2047 int'er
752 2016 859 2059 cornua,
870 1999 963 2064 pellem

277 2072 417 2138 impingunt
433 2074 508 2123 oculis
523 2078 662 2139 pictatem,
678 2080 703 2124 δι
723 2074 821 2126 luminis
838 2079 928 2127 orbum

278 2151 417 2216 Sanguineis
433 2166 517 2216 urgent
532 2151 633 2200 stimulis
647 2155 745 2216 impune
761 2157 899 2218 juvencum.

279 2228 323 2279 Ille
339 2245 410 2294 caput
424 2234 521 2296 quatit,
536 2233 561 2280 ὅ(
578 2232 653 2278 risum
668 2231 769 2280 tollente
787 2231 901 2297 toroni,

279 2306 333 2358 Huc
347 2309 406 2358 illuc
422 2313 525 2360 incertus
542 2311 612 2369 abir,
628 2310 741 2375 coeioque
756 2314 857 2376 requirit

279 2381 374 2433 Arreni
389 2390 480 2436 cervice
497 2385 562 2436 diem
575 2405 583 2446 ς
599 2385 704 2453 dumque
721 2391 787 2438 irrira
800 2391 871 2453 jatur

278 2459 398 2521 Cornua,
416 2467 441 2512 ὃ(
455 2467 481 2511 in
498 2477 598 2512 ventum
615 2467 675 2512 viret
691 2462 795 2514 effundit
809 2468 910 2523 inanes,

278 2538 360 2604 Usque
377 2543 445 2588 novis
464 2539 556 2590 foditur
572 2541 645 2599 teiis,
659 2556 785 2606 totumque
801 2557 925 2604 pererrat,

276 2616 398 2681 Purpureo
415 2617 505 2684 signant
520 2621 617 2686 vestigia
631 2623 743 2684 sunguine
754 2655 765 2677 ,
781 2619 893 2671 Circum.

313 2695 383 2745 Nunc
398 2698 427 2746 ab
443 2714 505 2777 equp
522 2698 601 2762 pugni
617 2703 658 2764 qui
672 2698 792 2748 nobiliore
807 2698 896 2750 laceffit

278 2773 406 2824 Terribiles
420 2774 455 2824 iri
469 2790 567 2833 tauros,
583 2791 627 2826 nec
638 2773 725 2826 froude
743 2792 786 2825 nec
800 2775 857 2825 ullis

277 2852 362 2901 Utitur
378 2851 467 2902 infidiis
479 2871 485 2900 r
497 2856 579 2902 auimo
594 2849 712 2916 viridique
726 2852 825 2916 iuventa

277 2930 376 2988 fretus,
388 2947 475 2995 equum
489 2932 564 2988 citat,
573 2934 602 2978 R
612 2945 701 2994 pugn
715 2927 843 2993 preludit,
857 2933 883 2979 in
898 2934 974 2982 artior

278 3001 463 3069 Quadrupedem
473 3003 568 3054 flestens
578 3005 661 3056 orbes:
670 3019 722 3056 nm
732 3021 849 3071 protom
858 3007 975 3073 nuum,
