2359 3975
308 431 375 510 186
451 435 644 504 Paron
669 431 885 513 Rvsrrcr

304 556 404 605 Flumen
417 558 543 620 inexpertir
557 552 646 604 audent
657 554 749 620 pulsare
761 555 864 608 lacertis.

305 630 403 682 scandit
417 635 444 681 in
459 633 569 681 arboreos
584 634 695 682 ventrosa
711 635 835 685 cucurbita
853 649 971 698 truncosr

305 709 352 762 Sed
369 727 395 762 tu
410 712 538 775 multiplici
553 727 594 776 pet
607 716 717 776 gramina
729 730 810 778 repere
823 711 888 764 flexu

305 788 375 855 Coge
387 824 395 850 ,
409 785 542 839 fatiscentes
560 801 700 854 rumpatur
714 789 820 856 pondere
837 809 927 842 ramos.

305 863 388 917 Tertia
400 882 452 934 quae
466 869 577 927 brevior,
591 864 721 933 medioque
733 872 837 919 co'e‘rcita
850 864 918 920 nodo

305 940 434 1006 Exoritur,
445 947 540 996 Baccho
557 943 625 994 dabit
638 961 774 1010 opportuna
791 947 922 1012 lagenam,

305 1021 385 1082 Quam
397 1022 464 1071 lateri
476 1024 583 1086 accingas
594 1036 742 1086 operumque
753 1025 846 1088 viaeque
858 1023 999 1073 ministram·

337 1097 389 1161 ipsa
405 1095 465 1146 adeo
479 1101 602 1161 geminum
616 1095 721 1145 referunt
735 1098 856 1162 spinacbia
868 1099 966 1147 sexum:

305 1171 384 1234 Quem
399 1171 478 1222 dixere
493 1190 602 1233 marem,
614 1169 749 1240 generosior
763 1191 823 1224 unus
836 1189 936 1225 acutum

304 1249 399 1299 Prouut
412 1254 438 1299 in
453 1251 532 1300 semen
544 1265 552 1309 ς
564 1251 624 1300 tristi
641 1268 715 1316 prope
725 1252 799 1317 pailet
814 1256 903 1303 amillu

304 1324 432 1387 Foemina,
450 1344 503 1393 quae
519 1327 606 1378 steriles
620 1326 690 1378 effert
703 1324 750 1378 fine
765 1330 853 1382 semine
869 1329 976 1382 frondes.

336 1402 402 1464 Quid
420 1421 553 1468 memorem
570 1404 660 1472 quanti
675 1408 743 1470 jaciet
758 1407 781 1455 se
799 1408 896 1457 braffica
911 1405 997 1468 laude,

304 1481 356 1530 sive
372 1480 519 1531 volubilibus
534 1480 598 1532 redit
613 1486 639 1532 in
653 1483 677 1531 se
695 1481 820 1533 ftonclibus
831 1519 840 1542 ,
852 1486 969 1551 orbesque

272 1559 278 1570 '
305 1558 409 1609 Orbibus
424 1559 608 1626 agglomerant,
621 1563 704 1624 capitis
719 1562 761 1608 sub
779 1562 844 1610 mole
861 1562 976 1622 laboras

306 1637 415 1686 Tornato
431 1631 517 1687 similes
535 1639 602 1688 ebori
620 1636 659 1686 seu
675 1635 776 1687 candida
790 1633 861 1689 iiorer

286 1767 290 1772 ⁴
306 1707 416 1762 Ediderit
431 1715 471 1762 seu
487 1712 603 1762 coniferae
618 1715 711 1761 imitata
725 1708 844 1778 cupresios

304 1786 381 1852 Seque
395 1790 446 1837 suas
461 1789 535 1854 plicat
548 1792 573 1837 in
587 1785 704 1846 frondes,
719 1793 743 1838 δι
760 1806 860 1840 acurnen
875 1793 902 1840 ln
917 1791 998 1844 album

304 1859 399 1911 Defiuit
411 1897 419 1922 ,
430 1879 457 1912 ac
475 1866 539 1911 renui
555 1867 622 1913 venit
636 1861 700 1912 haud
714 1864 818 1929 ingloria
829 1868 918 1916 mensae
929 1885 938 1925 i

305 1938 359 1987 Sive
370 1939 449 1989 hieme
461 1941 487 1989 in
502 1937 600 2000 medii,
611 1941 667 2006 cpirn
681 1955 764 1992 caetera
775 1941 863 2008 frigore
877 1959 990 2011 torpent,

305 2014 373 2066 leta
381 2020 442 2067 viret
450 2034 457 2075 r
464 2017 613 2083 Boreamque
624 2030 714 2067 trucem
721 2053 729 2077 ,
737 2017 876 2085 Caurosque
883 2023 1001 2089 malignos

305 2092 443 2159 Despicienr
455 2130 463 2154 ,
474 2098 554 2145 vacuis
570 2095 635 2145 ultro
651 2092 788 2144 dominatur
804 2099 829 2144 in
843 2098 929 2147 hortis.

339 2170 375 2221 Ut
387 2175 458 2221 varia
474 2173 561 2237 species
574 2172 667 2231 oleris,
682 2170 714 2221 fic
729 2173 798 2237 plura
810 2172 904 2223 serendi

307 2246 428 2316 Tempora
439 2254 506 2302 sunt:
515 2256 623 2317 putribus
636 2250 780 2301 mandantur
791 2251 905 2319 pleraque
915 2253 997 2315 sulcis,

306 2323 373 2375 Clrrn
389 2326 473 2391 pluviis
493 2328 562 2377 telius
579 2324 660 2376 madet
675 2326 871 2385 autumnalibus,
888 2331 913 2377 ὅ(
924 2328 981 2381 crim

306 2400 426 2449 Sithoniae
437 2402 526 2451 hiemes
541 2399 634 2452 reducis
650 2401 718 2466 fugat
732 2418 789 2451 aura
803 2402 903 2451 Favoni.

306 2475 376 2524 Tunc
393 2475 476 2527 eadem
491 2481 591 2527 tiranni
606 2478 696 2537 facies,
711 2482 736 2528 bc
753 2480 812 2542 saepe
828 2479 933 2529 suborta

306 2550 429 2603 Autumno
445 2554 516 2603 viola
531 2554 646 2604 falluntur
663 2558 767 2621 imagine
782 2556 859 2605 Veris.

339 2627 488 2693 Tempestiva
501 2645 580 2680 autem
596 2633 676 2690 sario,
693 2630 833 2697 seufrigore
848 2647 938 2683 terram

306 2708 462 2759 fermentarit
476 2712 573 2771 hiems3
590 2714 630 2762 seu
648 2716 739 2762 coxerit
754 2716 830 2761 acrior
845 2712 920 2763 aestas.

305 2787 413 2853 Utraque
429 2792 464 2840 vis
478 2789 549 2840 solvit
566 2789 666 2855 glebas,
680 2794 705 2841 δι
720 2789 805 2839 inutile
818 2806 919 2855 gramen

303 2861 409 2913 Eneca:
422 2867 496 2915 insani
512 2868 657 2933 quamquam
674 2856 727 2931 poll
741 2864 830 2930 frigora
844 2863 921 2915 Cauri

305 2936 367 2985 Vere
382 2940 440 2988 satas
458 2954 532 2989 annus
547 2937 689 2987 clementior
702 2941 789 3002 excipit
806 2937 898 2985 herbas.

305 3011 393 3065 Bruma
409 3027 489 3065 tamen
504 3011 561 3067 licit
580 3014 655 3081 usque
670 3028 753 3065 comas
765 3010 856 3078 affligat
871 3009 982 3075 adustas,
