2359 3975
299 424 347 518 46
441 423 641 496 Pnnnrr
667 425 882 516 Rvsrrcr

299 543 335 594 Ut
345 542 408 609 leges
419 543 476 592 alibi
488 547 568 610 cupiat
579 543 655 610 qualm
668 561 739 604 rure,
752 545 844 610 suisque

298 620 429 670 Arboribus
440 619 495 671 dare
506 638 513 680 ς
526 636 575 670 non
587 636 655 669 arnor
667 621 807 685 irrequietus
818 619 940 683 habendi,

297 693 334 745 Ut
350 694 442 746 medios
454 699 504 746 auri
515 694 543 744 fit
554 698 661 760 egentior
672 698 734 745 inter
748 711 862 756 acervos,

298 769 380 837 Usque
389 776 458 823 novis
467 771 559 821 inhians
566 769 655 836 ¹opilius
666 767 713 818 fine
723 767 770 820 fine
780 770 889 836 parandis
897 790 907 832 3

297 849 357 901 Non
367 849 470 901 studium
486 849 591 916 fastuque
603 863 697 898 mmens
710 845 819 900 dosirina
831 853 950 916 superbo,

297 923 334 978 Ut'
344 929 402 996 quid
412 931 470 979 scire
479 928 539 980 velit
552 927 626 994 quim
636 931 696 978 rene
707 931 786 979 vivere
797 962 806 989 ‚
818 930 894 990 pastos

297 1006 379 1067 Quem
393 1025 473 1060 curare
485 1010 573 1066 boves,
586 1005 661 1072 qudrn
675 1003 742 1058 nolle
753 1007 857 1058 faventia
867 1011 933 1059 terris

297 1083 379 1135 Sidera
390 1119 400 1145 ,
412 1098 539 1134 ventorum
554 1098 632 1130 mores
644 1085 685 1142 ,δι
697 1097 804 1148 tempora
817 1085 902 1133 meilis.

329 1165 374 1215 llle
384 1181 427 1214 nec
440 1161 535 1212 invidie
546 1176 629 1226 patet,
640 1177 681 1212 aut
691 1162 766 1212 livore
775 1165 875 1214 vicissim

297 1239 410 1307 Carpitur
423 1231 537 1296 oc'culto·‚
549 1253 593 1286 nec
603 1240 653 1303 jam
663 1238 817 1303 popularibus
831 1242 893 1288 auris

295 1314 425 1375 Evehitur3
436 1316 531 1363 summo
541 1327 584 1361 nec
595 1312 717 1362 honorum
730 1312 835 1373 culmine
848 1313 943 1378 lapsus,

295 1391 441 1442 Monstratur
452 1387 542 1453 fragilis
551 1384 725 1436 documentum
736 1388 799 1453 triste¹
814 1387 910 1440 favoris.

295 1469 354 1523 Non
367 1471 454 1522 metuit
464 1469 516 1519 lites
529 1463 631 1526 dubias,
647 1467 767 1534 sortesque
777 1470 849 1519 severi

275 1559 279 1570 ·’
294 1550 402 1612 iudicis,
417 1546 547 1600 indomitas
561 1550 647 1596 anim:
659 1564 710 1598 non
721 1546 822 1599 vindicis
833 1552 890 1598 ires:

295 1628 354 1680 Non
364 1627 442 1686 alios,
453 1641 503 1675 non
511 1624 533 1672 se
548 1624 619 1672 timet
628 1623 721 1688 ipsum:
732 1640 783 1673 non
793 1625 834 1674 sua
843 1641 934 1674 mrsror

295 1704 404 1767 Gaudia,
415 1721 466 1755 non
478 1702 557 1768 epulas
572 1699 664 1750 fastidia
677 1701 742 1752 lenta
753 1705 891 1769 sequuntur.

327 1781 432 1846 Agrestes
445 1794 527 1844 operas
537 1778 590 1825 obit
603 1773 747 1834 indefessum
758 1778 882 1844 humoque

294 1861 390 1910 Semina
401 1873 464 1907 nunc
480 1853 595 1912 mandat,
609 1870 674 1902 nunc
689 1852 770 1904 debita
780 1853 846 1906 dona
861 1859 972 1924 reposcis.

294 1935 353 1987 lnde
365 1938 434 2000 vigor
444 1931 573 1989 membris,
588 1932 613 1977 &
627 1930 705 1978 nescia
716 1932 767 1978 vita
779 1929 891 1998 podagre

294 2017 504 2079 Morborumquq„
516 2012 579 2076 parit
590 2025 651 2075 quos
661 2007 777 2060 defidiosa
785 2012 895 2079 voluptas
905 2030 914 2073 5

294 2089 394 2143 Dulcius
405 2090 461 2137 hinc
474 2088 511 2135 ori
521 2086 582 2151 sapit
593 2086 662 2145 esca,
675 2084 757 2135 labore
768 2084 879 2137 diurnam

294 2170 431 2219 Obsonante
446 2165 551 2224 samem3
561 2164 642 2213 faciles
653 2168 678 2214 in
690 2168 778 2231 cespite
789 2166 851 2217 duro

293 2248 356 2299 llinc
367 2251 467 2299 veniunt
478 2246 574 2305 somni,
587 2246 648 2295 lesio
661 2262 722 2311 quos
733 2238 799 2297 diies
811 2247 842 2296 ab
851 2262 924 2296 aureo

293 2323 460 2393 Nequicquarn
471 2318 585 2385 profugos
595 2323 681 2371 invitat
692 2356 701 2383 ,
712 2321 799 2371 mollia
807 2338 897 2387 pernox

293 2402 370 2451 Strata
381 2400 448 2463 super
461 2395 545 2461 vigiles
559 2412 626 2445 curas
636 2399 662 2445 δι
671 2399 782 2448 membra
789 2397 909 2448 volutans.

326 2477 363 2527 An
372 2474 463 2540 prestat
473 2488 543 2536 rupto
559 2471 655 2521 Nature
668 2470 757 2523 foedere
768 2509 777 2536 ,
790 2476 856 2524 tetris

294 2554 374 2616 Quem
379 2553 445 2602 Deus
456 2549 688 2617 absciderat‚fragili
697 2567 747 2602 rate
758 2570 850 2604 currere
855 2568 977 2619 pontump

293 2630 325 2681 Et
339 2629 429 2680 levibus
439 2641 495 2675 cum
507 2641 532 2673 re
541 2628 617 2675 ritem
626 2630 779 2677 committere
790 2632 866 2681 ventis
878 2664 887 2688 ,
948 2657 954 2663 ·

293 2702 433 2770 Atqueelio
443 2698 453 2766 (
463 2698 589 2751 volucrum
601 2703 648 2749 ritu
659 2700 669 2769 )
683 2703 725 2751 sub
740 2702 790 2753 sole
799 2707 902 2768 jacentes

293 2780 330 2830 lre
341 2776 417 2828 redire
425 2774 505 2841 plagas
517 2790 525 2833 3
542 2776 694 2842 animamque
704 2776 841 2843 impendere
856 2780 942 2834 lucro?

266 2912 280 2922 .
292 2855 331 2906 An
341 2852 439 2920 cupidus
451 2852 520 2903 farnae
531 2856 583 2918 quis
595 2852 739 2905 fortunatior
749 2858 832 2906 urbem

294 2931 399 2992 lucolir,
413 2934 438 2979 ilc
449 2930 643 2980 circumvolitans
653 2933 746 2997 ingrata
757 2932 886 2985 Potenturn

293 3009 405 3071 limine,
416 3010 455 3062 vel
469 3010 540 3081 ¹seruis
554 3010 608 3077 ipfis
618 3010 756 3074 blanditur,
770 3014 876 3080 emitque
