2359 3975
263 513 333 570 roo
403 493 596 561 Pnnorr
620 489 839 564 Rusrrcr

255 616 389 675 Contulit3
405 627 432 661 ut
448 612 528 676 legum
545 611 586 658 sua
601 614 644 676 qui
662 611 777 664 frenabat
792 615 890 666 habenis
990 649 993 654 -

252 703 394 766 Tempora,
406 695 515 752 ‘venturis
531 688 680 755 impenderet
696 695 746 742 otia
760 695 844 744 seclis.

251 780 312 840 Quae
329 772 422 824 decreta
438 767 494 816 tulit
510 766 578 814 Pater
593 768 718 831 optimus,
736 768 780 818 illa
797 771 896 821 Senatu·

252 856 263 925 (
274 853 362 906 ludicii
372 863 482 902 normam
493 845 503 914 )
519 844 561 894 sibi
571 845 647 894 servet
657 845 766 896 habenda
777 882 786 906 ,
799 852 928 918 gravesque

248 933 301 984 Hac
317 923 406 978 trutina
421 922 500 972 causas
517 923 541 968 δί
559 922 597 985 lus
613 922 732 970 examinet
745 938 851 989 ancepe;

247 1009 347 1074 Nosque
365 1001 479 1054 Bavillaeo
493 1015 551 1065 quas
568 995 633 1046 idem
650 1014 703 1048 cure
720 1000 822 1052 serendis

247 1086 377 1138 Arboribus
395 1082 458 1146 leges
474 1077 545 1127 dabat
561 1081 586 1128 δι
601 1094 737 1144 precepta,
755 1082 888 1147 sequemur.

277 1165 374 1215 Nostras
389 1165 478 1210 interea
494 1175 552 1225 quas
567 1157 716 1223 pretermisit
731 1159 807 1211 olivae
879 1171 975 1234 [qum

244 1233 976 1314 Hinccanereaggrediarcnequeenimestqurepallidaquam-
1053 1256 1054 1259 ’

243 1316 357 1370 manuus
376 1315 493 1384 Agricolis
508 1317 578 1364 arbor
593 1315 708 1378 spectetur
722 1319 818 1378 aratis3
1023 1321 1026 1324 ’

244 1400 298 1448 Sive
313 1411 433 1446 racemate
450 1393 521 1443 faciat
538 1395 603 1458 spem
619 1390 699 1453 flore,
715 1397 835 1460 nigrantes

244 1473 347 1540 Prodiga
357 1475 396 1522 scu
412 1469 473 1521 foetu
487 1471 620 1518 curvaverit
629 1467 706 1518 ’ubere
720 1486 808 1520 ramos.

274 1552 323 1614 Qui
337 1545 430 1615 tepidos
446 1545 512 1594 exilia
528 1559 583 1609 ager
596 1544 722 1594 conversor
737 1544 768 1596 ad
781 1548 877 1600 Austros

240 1627 294 1680 Nec
312 1621 395 1676 sabulo
411 1637 491 1672 macer
507 1619 558 1678 est,
576 1617 647 1683 gleba
662 1635 707 1668 nec
724 1624 818 1687 pinguis
834 1627 918 1692 opima
927 1664 940 1693 9

239 1704 285 1757 Ille
301 1705 364 1755 ferax
380 1703 486 1753 olearum
501 1719 508 1751 r
521 1698 590 1747 illum
608 1696 708 1748 concide
722 1705 810 1752 cavatis

134 1813 136 1816 -
237 1783 300 1832 Ante
318 1783 422 1830 hiemem
439 1776 567 1826 scrobibus.
584 1775 673 1824 Vicino
687 1792 701 1823 e
716 1776 779 1827 colle
793 1782 895 1844 petitam
977 1788 981 1794 ’

237 1859 327 1923 Sponte
346 1852 386 1902 sui
400 1850 467 1901 dabit
481 1850 530 1914 ipsa
545 1865 628 1914 parens
642 1853 668 1898 in
683 1851 774 1901 semina
787 1856 903 1921 prolem,
977 1894 981 1904 .

236 1932 297 1995 Quae
314 1928 410 1978 fruticat
425 1925 506 1991 paffim
521 1924 563 1973 sub
579 1927 657 1973 amica
671 1929 751 1991 junior
764 1931 868 1994 umbra5

236 2008 268 2059 Et
284 2020 389 2056 teneram
405 1998 483 2051 radice
498 1998 541 2049 sua
556 1996 652 2050 dotabit
666 2000 766 2054 olivam.

268 2086 339 2136 Parce
354 2084 481 2131 senescenti
495 2094 600 2130 matrum
614 2078 645 2130 de
657 2098 757 2147 corpore
770 2083 863 2149 plantas

234 2161 332 2213 Tollere
343 2177 349 2205 ι
362 2156 498 2223 longaevum
509 2169 579 2206 vexat
589 2155 656 2221 stirps
666 2172 733 2207 eruta
744 2174 864 2216 truncum,

233 2240 323 2291 Eratos
339 2240 417 2305 primo
431 2237 526 2287 frutices
542 2234 655 2286 corrodat
669 2240 695 2286 in
711 2253 767 2289 ortu

232 2319 297 2369 Grex
309 2319 410 2373 ovium3
427 2312 505 2363 soboli
520 2309 563 2361 nifi
577 2311 641 2361 force
653 2312 757 2378 placebit
769 2318 885 2373 habenda

232 2390 361 2446 Devoviffe
376 2390 456 2440 oleam
467 2404 591 2447 ueterem
609 2403 742 2457 truncoque
755 2396 830 2444 reciso

230 2471 316 2522 Vivaci
333 2465 362 2515 de
378 2465 447 2528 stirpe
463 2477 537 2512 novas
553 2460 653 2513 educere
667 2466 754 2532 virgae.

262 2544 356 2598 Erunt,
376 2541 400 2587 ὃ(
418 2540 507 2587 bruma
522 2537 565 2585 sub
578 2536 669 2603 frigora
683 2544 761 2605 prima
776 2543 880 2597 colom„

229 2618 345 2675 Radicata
361 2620 421 2668 serat
436 2619 524 2665 truncis
540 2615 658 2681 plantaria
672 2625 762 2672 ramira

229 2700 277 2753 Sed
291 2713 361 2765 caput
377 2710 430 2746 ante
446 2695 499 2745 luto
513 2695 577 2746 velet
593 2699 723 2765 muscoque
736 2703 821 2752 vuenti
835 2739 844 2764 ‚

228 2781 260 2831 Et
275 2779 360 2830 vinclis
376 2776 540 2842 constringat3
558 2780 636 2827 hieme
652 2796 682 2829 ne
698 2781 788 2846 frigore
801 2802 876 2839 venas

228 2858 356 2922 Occupet,
374 2861 398 2907 dc
415 2856 466 2907 toti
479 2854 591 2908 deseviat
606 2858 689 2909 arbore
707 2862 784 2926 pestis.

260 2930 411 2981 Gaudentem
428 2930 495 2982 clivis
512 2931 593 2981 oleam
605 2947 726 3001 ventoque
741 2936 814 2987 feraci

228 3005 357 3061 Ordinibus
373 3008 444 3089 serito
460 3006 538 3067 laxias
554 3023 582 3059 uc
597 3011 709 3075 utrinque
724 3027 833 3077 patenter
