2359 3975
417 494 481 562 LI
503 505 528 563 B
547 508 572 562 Ε
592 509 617 560 R
655 493 698 560 X
710 495 735 560 l·
870 506 933 562 Μ
1003 502 1005 509 ’

208 605 336 677 ingenium
347 629 355 659 ι
365 612 405 661 via
421 609 494 676 longa
509 614 569 660 mari
584 610 696 676 terrisque
711 609 818 660 colorem

209 687 312 750 fuscat,
331 693 356 740 &
373 691 497 739 imminuit
511 691 600 739 robur:
611 693 706 740 vetiura
720 691 800 737 severo

208 763 261 817 Dat
273 771 335 818 vires
349 770 498 832 pretiumque
513 783 590 816 mero.
608 769 646 816 Sic
661 766 739 817 debile
754 780 840 832 corpur
895 826 901 834 ·

208 841 337 902 Obruit&
351 839 443 890 validos
460 840 529 890 labor
545 839 611 890 idem
625 843 722 891 roborat
740 855 814 891 artus.

208 915 346 982 AEquoreor'
357 919 412 964 hinc
428 929 469 980 per
485 917 585 976 cursus,
598 919 712 965 exercitur
724 916 795 976 aestu,

203 992 246 1046 Ad
262 995 303 1042 surr
317 992 422 1042 nobilior
435 1007 530 1058 peregre
545 989 609 1042 redit
622 995 706 1042 horrea
720 993 835 1042 Backhue.

240 1068 330 1118 Dulcia
345 1067 480 1132 languentes
498 1067 585 1116 morbo
597 1102 606 1128 ,
618 1068 730 1133 generosa
743 1066 850 1118 valentes

206 1145 272 1195 Vina
285 1145 356 1192 beant
364 1177 373 1202 ‚
385 1143 490 1192 violenta
504 1145 587 1204 viros,
603 1143 740 1194 molliffima
755 1160 858 1194 maerere
1038 1186 1059 1198 χ

205 1221 319 1274 Candida
336 1239 385 1272 non
403 1223 506 1272 tolerant
521 1223 607 1290 longos
623 1224 699 1273 aestore
715 1224 823 1282 calorem

203 1301 363 1365 Frigoribus,
380 1299 456 1365 pofiti
472 1303 512 1350 vix
525 1301 583 1350 faece
593 1337 601 1361 ,
613 1303 742 1352 bibunture
754 1304 783 1353 ab
797 1302 856 1352 albis

205 1379 307 1445 Optima
323 1381 378 1437 sunt
392 1397 445 1446 quae
460 1383 516 1431 vina
533 1377 611 1431 fluunt
626 1382 716 1446 Apiann
731 1386 845 1431 rectoris:

203 1455 290 1507 Dulcis
308 1461 332 1507 in
350 1475 392 1508 ore
411 1461 479 1524 sapor
491 1463 607 1526 vivaxque
624 1463 650 1509 in
664 1463 757 1526 periore
773 1463 856 1509 virtue.

203 1535 263 1588 Nou
277 1538 364 1586 humus
380 1540 441 1588 hanc
456 1543 534 1588 omnis
551 1539 653 1588 feliciter
669 1537 755 1588 educar
770 1556 841 1587 uvam

203 1609 264 1672 Quae
277 1627 351 1676 genus
366 1617 390 1662 ὃς
408 1629 499 1661 nomen
513 1615 604 1664 servet:
615 1613 756 1684 frigentibus
773 1616 833 1677 agris

202 1686 368 1756 Humentique
382 1693 436 1741 solo
449 1727 456 1751 ,
472 1692 593 1742 mellitum
605 1692 682 1741 oblita
694 1693 802 1756 saporem

201 1762 330 1814 Exoritur:
342 1767 406 1818 favet
421 1771 477 1818 huic
495 1773 561 1834 regio
577 1767 728 1828 Buteonis,
744 1772 768 1816 ὅ(
782 1770 848 1818 orbis

199 1841 255 1891 Jam
273 1846 337 1892 canit
350 1861 466 1895 extremus
477 1863 537 1912 quos
553 1847 708 1896 Frontiniana
722 1862 830 1895 racemos

198 1915 277 1968 Praela
290 1915 405 1970 domant:
416 1925 470 1972 mlti
484 1923 578 1973 Baccho
595 1925 728 1974 mitissimus
742 1929 780 1974 a'e'r
800 1984 809 1996 Ι

198 1995 334 2064 Dulciaque
351 2016 405 2049 arva
422 2000 517 2065 placent
530 2020 536 2050 t
548 2006 614 2068 atqui
630 1998 795 2052 Blirerenfibus
811 2004 859 2052 orie

198 2072 267 2125 Coeli
282 2076 322 2123 seu
339 2076 426 2125 faciem
442 2078 527 2142 speeies
545 2092 659 2145 terraeque
669 2114 677 2138 ‚
687 2078 815 2145 vinimque
894 2144 897 2147 ἢ

198 2150 345 2214 Ingenium,
360 2151 420 2200 nihil
436 2152 468 2200 est
485 2167 539 2201 toto
553 2152 693 2203 clementius
707 2156 773 2204 orbe.

196 2228 262 2279 Hinc
278 2242 346 2277 verus
360 2228 392 2276 est
409 2228 476 2293 vulgi
493 2228 601 2289 dicium,
614 2229 632 2279 fi
643 2234 721 2279 mrsus
738 2233 838 2297 Olympi

195 2304 300 2357 Affestet
314 2307 407 2369 superas
420 2307 524 2354 humana
541 2307 648 2372 superbio
664 2306 746 2367 sedes,

196 2376 329 2445 Prouidille
347 2378 412 2426 Deos
428 2378 541 2427 Blireram
553 2415 561 2439 ‚
574 2378 689 2447 donisque
702 2382 801 2430 vicillrm

194 2453 321 2507 Ornnviffe
340 2458 394 2507 suis.
412 2457 462 2507 Dat
478 2459 569 2523 Jupiter
583 2466 635 2509 a'e're
650 2477 756 2525 purum,

194 2532 237 2581 Sol
256 2532 321 2581 laetas
335 2529 383 2580 line
397 2534 459 2581 nube
475 2530 543 2593 dies,
559 2537 708 2585 nascentibus
724 2535 787 2585 ultro

195 2606 269 2655 Terra
286 2622 368 2671 parens
385 2621 438 2657 toro
454 2610 477 2657 se
493 2606 591 2659 floribus
608 2609 687 2659 induit
703 2623 775 2660 anno.
862 2629 864 2632 ·

194 2680 254 2731 Non
268 2684 323 2731 satis
338 2682 370 2732 est
384 2684 444 2735 oleis
459 2702 554 2750 campos
569 2684 660 2735 vellille
677 2687 829 2746 Minervam,

147 2787 150 2795 ν
193 2760 261 2809 suffit
275 2762 423 2810 inexhaustos
438 2762 519 2811 oleum
534 2779 630 2828 quoque
646 2779 737 2811 currere
753 2763 846 2812 fontese

193 2833 245 2899 Ipse
259 2837 311 2883 suae
326 2838 417 2887 animos
431 2838 559 2886 hominum
572 2838 686 2887 formavit
701 2837 732 2887 ad
748 2855 809 2887 artes
856 2882 862 2893 ,

192 2908 277 2959 Delius
289 2927 298 2967 3
312 2914 337 2959 &
351 2908 367 2959 fi
379 2909 438 2977 quid
452 2912 545 2976 sapiunt
560 2927 614 2959 mea
628 2914 733 2959 carmina
749 2911 853 2970 Verrem,
891 2963 892 2967 ,

192 2984 260 3041 Hanc
275 2988 336 3037 mihi
349 3002 402 3038 cata
417 2984 484 3040 dedit
497 3003 554 3039 cum
567 2988 680 3055 sanguiue
694 2989 772 3038 Patria
780 2988 886 3043 lauden.

756 3059 777 3111 K
792 3064 818 3129 iij
