2359 3975
296 508 371 589 '33²
444 490 644 562 Pnnnrr
671 490 882 559 Rusrrcr

299 610 461 664 Monstramra
474 614 544 669 viasr
560 622 586 658 ut
602 606 658 657 cum
674 606 714 656 lux
731 608 831 657 crastina
845 606 943 658 Mundo

299 688 420 749 Fulserlt,
437 684 530 737 indiciis
544 688 615 735 certis
630 689 656 733 bt
672 687 768 733 tramite
783 699 845 734 noto

300 766 427 819 Hesternos
442 768 528 814 iterans
543 766 645 823 cursus,
663 760 695 813 ad
708 763 806 829 pristina
823 766 888 812 noris

301 842 383 891 lustra
392 841 467 891 seram
478 836 572 890 rediisse
584 858 590 888 t
601 837 690 907 pedum
702 854 756 889 tum
767 837 871 906 denique
881 839 989 891 formam

301 918 395 968 Avelles
411 920 524 967 humente
539 916 614 974 solo;
631 931 674 965 net
694 914 755 966 serre
769 914 871 982 pudebit

301 995 395 1043 Stercus
406 996 481 1043 humo
491 1025 500 1053 ‚
519 994 581 1043 cervi
592 1006 689 1057 propter
700 993 785 1057 spelaea
796 1027 805 1054 ,
819 1009 942 1059 repertum
953 1014 960 1043 e

301 1070 337 1121 Ut
349 1071 402 1123 loca
411 1088 469 1122 mox
480 1070 589 1122 condius
599 1085 699 1139 petens,
714 1088 787 1137 quam
797 1074 894 1121 vincere
905 1075 980 1124 verbo

302 1148 360 1201 Non
373 1154 480 1216 poteris,
502 1148 590 1215 magni
602 1164 733 1199 venantum
748 1149 838 1198 astante
854 1151 970 1211 toroni,

296 1224 355 1275 Hoc
372 1239 473 1292 utroque
490 1240 557 1274 tuam
574 1222 688 1273 defendas
702 1221 782 1275 indice
798 1216 905 1274 causam.¹

333 1302 385 1352 iam
399 1300 477 1367 politi
493 1318 567 1369 prope
584 1300 659 1351 fontis
673 1318 744 1367 aquas
759 1304 784 1349 in
798 1304 886 1367 cespite
903 1302 1003 1365 mensi,

301 1374 438 1427 Consedire
455 1380 501 1427 viri
515 1396 524 1436 3
543 1373 699 1442 fraudataque
714 1392 816 1441 corpora
831 1378 921 1428 somno

301 1451 454 1517 simplicibus
473 1464 556 1500 curant
571 1449 646 1515 epulis
661 1450 778 1516 hilarique
793 1450 886 1512 Lyaeo:

302 1530 403 1596 Jamque
416 1544 503 1578 eanum
517 1527 623 1577 clamosa
637 1530 724 1575 cohors
738 1526 846 1592 epulatur
863 1533 888 1577 3<
904 1530 958 1593 ipsa

302 1603 398 1654 Parcius
411 1621 418 1663 3
432 1618 459 1653 ut
473 1605 542 1653 vacui
559 1603 634 1651 rabies
649 1618 746 1668 quoque
761 1605 850 1653 ventris
864 1600 951 1653 edaces

301 1684 386 1733 Acrius
398 1686 424 1731 in
436 1698 533 1733 cervum
547 1681 652 1732 stimulet
667 1700 674 1730 r
688 1680 731 1731 sibi
744 1698 848 1753 namque
862 1684 960 1749 suisque

302 1754 428 1809 venantur
442 1756 516 1807 catull
531 1755 635 1817 menfis3
654 1759 811 1823 hominesque
830 1755 940 1823 serasque

285 1888 289 1894 ,
303 1831 403 1882 Publica
417 1834 542 1881 communi
559 1829 652 1881 dudum
668 1831 706 1880 lex
720 1831 821 1897 colligat
835 1834 901 1892 usu,

303 1905 340 1957 Ut
354 1909 470 1975 quannlm
485 1912 600 1975 sperant,
618 1911 711 1961 tanttlm
728 1909 771 1959 libi
785 1925 871 1959 mutua
886 1910 991 1977 prosint·

336 1985 427 2058 Interea
444 1987 504 2036 miru
523 1990 597 2037 variis
612 2004 625 2036 e
642 1987 747 2054 partibus
764 1983 851 2036 adsunt

304 2059 472 2127 Exploratores
488 2081 637 2125 nemorum
653 2063 785 2131 praedaque
802 2079 901 2129 reperta

305 2137 477 2192 Demonsttant
492 2160 534 2209 per
549 2143 615 2210 ligna
633 2143 722 2212 pedum
739 2143 864 2193 manifesta
877 2143 1008 2192 senesiam.

338 2219 457 2271 Omnibus
475 2237 502 2272 ut
514 2226 620 2289 primurn
639 2222 707 2273 fandi
723 2223 780 2274 data
798 2225 887 2287 copia,
904 2237 992 2272 cervus

305 2292 408 2360 Eligitur
425 2297 521 2358 senior,
538 2313 612 2363 quem
628 2297 699 2363 plana
716 2315 757 2364 per
772 2311 867 2364 equora
882 2293 949 2345 coelo

306 2368 406 2422 Cornua
420 2373 569 2435 tollentem,
586 2376 679 2441 praestet
694 2378 796 2442 spectare
813 2377 925 2440 sequaces

306 2447 368 2496 Ante
384 2463 469 2507 canes3
485 2451 527 2514 qui
542 2448 626 2500 fraude
639 2451 706 2501 vafer
721 2449 770 2517 qui
786 2446 875 2507 lassat,
892 2445 979 2498 eidem

306 2521 444 2572 Venantum
461 2523 565 2576 stimulet
582 2543 668 2586 curas3
687 2531 711 2576 δι
731 2524 823 2576 tardior
839 2541 892 2574 κιο

307 2599 362 2649 Post
376 2599 469 2665 aliquot
482 2599 568 2662 cedat,
584 2601 688 2652 defectus
702 2605 792 2652 viribus
804 2637 812 2662 ,
826 2605 905 2651 boras.

340 2675 465 2743 AEquaevos
483 2681 545 2727 inter
559 2694 642 2728 cervos
658 2678 736 2744 placet
751 2677 793 2726 ille
805 2710 814 2737 ,
827 2677 934 2740 nigranti

307 2753 417 2805 Exterior
428 2771 554 2804 nemorum
568 2773 640 2823 quern
658 2760 766 2822 contegit
780 2755 881 2822 angulus
896 2751 999 2802 umbrsr

307 2832 402 2900 Nempe
416 2849 456 2902 per
469 2836 598 2884 immensos
612 2833 681 2884 illinc
693 2831 841 2900 protruditur
856 2847 946 2897 agros,

311 2909 401 2960 Notior
418 2926 444 2959 ut
461 2912 556 2960 canibus
572 2909 634 2970 fiat,
649 2911 765 2978 nulloque
779 2912 904 2959 trahantur

308 2984 373 3036 Dein
388 3003 465 3036 errore
475 3003 574 3046 ,nemus
589 2985 678 3050 refugit
692 2986 748 3035 crim
764 3000 847 3034 cervus
861 2987 887 3032 in
902 2982 991 3034 altum.

341 3063 413 3116 Hunc
429 3064 471 3116 ubi
486 3061 602 3115 frondoso
617 3060 662 3116 stat
675 3063 816 3129 proturbare
832 3061 928 3122 cubili,
