2359 3975
286 487 332 584 78
432 489 630 562 Punntr
652 492 864 569 Rusrrcr

283 607 414 669 Vestierlt,
430 623 511 658 tamen
527 607 658 659 invalidam
674 611 820 674 penetrabile
835 612 909 677 frigus

285 689 426 749 luterimet,
440 689 558 740 stabulum
570 688 664 754 tepidos
673 689 718 740 nifi
728 707 811 757 vergat
819 691 852 742 ad
860 693 981 746 Austrum
992 724 997 732 ·

285 763 316 813 Et
333 761 418 814 siccam
435 768 515 830 pecori
528 763 618 814 filicem
634 765 760 832 paleasque
775 768 875 817 cubanti

287 845 371 910 Opilio
386 845 534 906 substernat
552 847 594 896 ubi
608 861 665 895 cum
680 847 796 896 matribus
812 850 869 912 agni

287 921 369 972 Putitls
388 927 412 973 δι
429 939 521 973 teneros
538 922 659 991 deponant
672 923 780 992 molliter
794 943 867 977 artus.

288 997 352 1048 Nam
367 1002 423 1065 jove
439 1000 482 1047 sub
496 997 562 1050 nudo
580 998 643 1048 ulvis
660 1016 712 1065 quae
726 1002 787 1049 vixit
800 1000 918 1061 maltis,

288 1077 424 1128 Ventorum
439 1081 529 1144 patiens
545 1081 696 1147 hiemisque,
715 1079 845 1131 domestica
859 1081 956 1131 nostme

231 1203 235 1210 ι
289 1151 420 1203 Admone
438 1151 535 1204 deflexit
550 1159 625 1206 ovis:
645 1155 694 1222 qub
710 1155 779 1220 plura
793 1155 865 1205 saluti

289 1231 425 1294 Cavimus,
441 1233 503 1299 aegra
518 1237 595 1300 magis
611 1251 733 1286 tentantur
747 1252 849 1302 corpora
862 1235 952 1285 morbi.

322 1311 401 1371 Quare
416 1315 478 1378 agite
492 1318 518 1364 bc
529 1318 612 1379 primis
623 1331 711 1382 agnum
722 1331 831 1366 curemur
843 1316 872 1364 ab
883 1316 969 1364 annin

259 1399 261 1402 ·
290 1383 374 1436 Hausrt
390 1388 430 1437 ubi
449 1388 528 1437 lucem
543 1393 629 1439 matris
642 1389 751 1456 delapsus
765 1392 795 1439 ab
812 1389 888 1451 alvo,

289 1462 394 1527 Erigitur
411 1481 418 1511 ε
435 1465 512 1528 pressu
528 1465 606 1514 custos
622 1469 708 1531 agnina
725 1464 820 1531 papillis
921 1465 929 1478 “

291 1542 340 1591 Ora
357 1545 439 1608 rigat,
457 1546 610 1612 primumque
624 1547 722 1611 inspirat
739 1546 805 1594 lastis
822 1557 951 1601 amorem,

292 1617 405 1670 Distentis
421 1618 535 1670 alimenta
552 1619 641 1670 docens
659 1619 758 1671 educere
773 1621 907 1668 mammis:

293 1696 340 1747 Sed
354 1698 418 1764 pritls
435 1703 546 1766 exiguum
564 1700 657 1767 mulget
671 1701 707 1751 lac
721 1700 822 1760 Pastor,
836 1700 953 1763 humique

295 1778 394 1842 Projlcit
411 1776 541 1844 expressum
559 1783 668 1830 manibus
685 1801 691 1829 a
708 1797 765 1830 nam
779 1780 864 1829 laneus
878 1778 968 1825 humor

294 1853 370 1904 Enixi
385 1859 427 1921 qui
442 1867 519 1910 'matre
535 1875 614 1908 recens
631 1864 770 1919 emittitur,
787 1873 860 1923 agnos

295 1929 409 1980 Tristibus
427 1930 523 1982 affimat
538 1935 628 1984 morbis
644 1938 669 1984 in
684 1935 767 1984 limine
784 1935 849 1982 vite.

327 2009 391 2059 Dein
402 2028 457 2061 cum
468 2013 535 2078 prole
546 2032 629 2081 parem
640 2013 788 2074 includitur3
799 2012 842 2063 illa
851 2007 978 2060 novellum

295 2090 331 2141 Ut
344 2090 425 2141 foveat
439 2108 553 2159 parturn,
570 2094 693 2145 condiscat
709 2098 733 2144 &
748 2093 789 2143 ille
805 2101 928 2159 parentem
1016 2142 1020 2149 ,

296 2166 372 2219 Noll'e
384 2172 465 2223 suam:
479 2186 530 2221 tum
546 2172 599 2239 post
609 2170 711 2222 biduum
722 2172 846 2221 vernantia
862 2166 929 2216 stetis

297 2246 395 2298 Hordea
409 2252 548 2313 permittant
564 2251 669 2309 ovibus,
688 2248 826 2314 stabuloque
837 2241 939 2293 tenellos

298 2326 447 2377 Contineant
460 2345 532 2393 agnos
545 2346 553 2387 3
565 2344 711 2395 quamquam
726 2326 774 2376 fine
788 2324 835 2374 fine
847 2334 972 2389 gementes

296 2405 381 2459 Balatu
394 2422 495 2455 matrem
510 2422 635 2473 repetant,
649 2411 674 2455 bc
691 2406 765 2456 ovilia
778 2417 900 2469 rumpant.

332 2483 397 2533 Ctlm
411 2498 503 2533 teneros
515 2501 569 2534 aetas
581 2482 711 2534 firmaverit
724 2483 813 2533 auuior
828 2495 891 2529 artus
904 2514 915 2538 ,

300 2560 396 2611 florida
409 2566 458 2627 jam
473 2560 568 2627 grandis
579 2577 682 2611 matrem
693 2577 734 2625 per
748 2573 814 2625 prata
824 2558 936 2622 sequatur

299 2638 381 2704 Agnus
388 2640 401 2697 ¹,
414 2640 438 2686 δι
452 2640 478 2686 in
490 2636 591 2687 mollem
604 2634 685 2687 dentes
699 2648 805 2685 exerceat
816 2634 926 2683 herbam·

301 2715 355 2765 Post
370 2716 410 2764 ubi
422 2730 541 2764 maternos
555 2730 647 2779 tempus
658 2715 772 2763 saturavit
782 2726 893 2771 amores,

300 2794 475 2859 Absentemque
485 2808 567 2859 patens
582 2790 690 2841 sobolem
704 2789 844 2854 sobolesque
858 2800 986 2854 patentem

302 2871 360 2921 Non
372 2871 431 2921 feret
442 2873 585 2937 impatiens,
600 2883 707 2933 repetant
718 2868 758 2915 sua
770 2866 855 2932 pascua
866 2881 976 2925 matter,

302 2948 380 3014 Atque
396 2962 460 2999 tenet
473 2965 547 3014 puero
562 2963 617 3013 grex
628 2942 787 3009 compellente
800 2956 931 2992 nocentem

303 3025 432 3076 Luxuriam
445 3028 528 3090 segetis
539 3028 617 3092 prima
630 3021 740 3087 depascat
753 3022 778 3068 in
791 3018 880 3068 herba:

303 3100 350 3153 'sel
362 3106 445 3152 iratum
463 3100 532 3151 Pater
545 3098 643 3166 agreller
657 3096 773 3157 iusqrmet
787 3090 817 3145 ad
831 3100 913 3157 artes}
989 3098 997 3109 ⁶
