2359 3975
276 459 326 538 62
398 460 606 532 Pannrr
630 461 859 532 Rusrrcr

277 580 324 633 Vel
341 580 443 631 sterilem
458 580 523 631 facili
539 579 606 630 sulco
621 578 760 630 moderator
775 595 871 630 arenam
941 602 943 607 ·

275 659 382 721 Etarer3
398 665 493 726 ignaros
509 677 609 726 operum
626 676 656 709 ne
673 660 736 710 forte
752 664 865 726 juvencos

276 735 374 785 Terreat
386 749 396 796 ‚'
412 749 453 784 aut
466 734 553 784 molles
570 731 662 801 qualset
677 733 744 783 labor
759 733 884 798 improbus
897 745 972 782 astru.

308 810 422 863 Indocilis
438 811 494 860 edm
509 826 588 861 taurus
604 827 687 877 agrum
703 809 825 860 deformat
841 808 954 870 arando,

274 887 460 956 Confunditque
473 905 546 955 vagos
565 887 660 939 smuoso
674 888 752 937 limite
768 886 867 947 sulcos,
922 946 926 952 Δ

272 969 326 1020 lam
344 967 445 1018 domino
462 965 591 1034 validoque
608 967 665 1018 bovi
683 969 837 1032 conjungitur
852 967 938 1029 asper;

272 1046 352 1107 Quem
362 1060 540 1112 procurrentem
550 1046 650 1094 retrahit
659 1059 726 1094 vetus
736 1076 745 1098 ,
763 1057 831 1108 urget
840 1045 942 1091 inertem
954 1075 964 1103 ‚

270 1121 303 1172 Et
321 1123 428 1173 conferre
446 1120 517 1188 pedes
534 1122 603 1188 jubet
618 1112 648 1172 ¹ac
664 1135 744 1186 parere
760 1115 887 1170 Bubulco:

270 1201 378 1252 Fumosts
395 1199 499 1251 tumidas
514 1198 570 1249 licdt
585 1198 668 1250 efflans
684 1199 780 1248 natibus
795 1202 861 1257 iras,

269 1278 379 1330 Prostliat
392 1293 514 1343 tentetque
529 1281 614 1342 jugum
630 1273 765 1339 dirumpere
782 1289 871 1324 taurus.

301 1351 334 1399 At
351 1349 368 1398 sr
385 1349 448 1399 forte
462 1349 549 1407 malo,
568 1346 636 1416 quod
650 1351 675 1399 vi
693 1365 743 1397 non
761 1347 888 1414 palluit,
907 1348 958 1400 astu

269 1424 378 1486 Tentet,
395 1429 421 1476 bt
439 1429 465 1475 in
483 1423 568 1474 mediis
585 1428 663 1491 jaceat
681 1424 826 1474 cerebrofior
843 1428 926 1490 agris3

268 1501 394 1568 Suppofito
409 1519 459 1552 non
473 1505 528 1568 igne
544 1501 628 1562 latus,
646 1519 690 1552 nec
705 1516 798 1567 tergora
814 1501 890 1567 plagis

267 1578 316 1628 Ure
329 1598 338 1638 3
354 1579 395 1630 sed
410 1578 558 1632 indomitum
572 1578 658 1632 vinclis
673 1578 807 1643 constringe
821 1583 968 1644 juvencum

266 1655 302 1705 Ut
319 1673 363 1706 nec
379 1657 438 1706 stare
456 1673 527 1724 queat
541 1673 618 1722 neque
633 1657 697 1707 vesci
716 1673 842 1722 :namque
859 1657 952 1721 periclo

266 1733 369 1785 Cautior
384 1737 433 1801 ipse
449 1737 492 1784 suo
509 1736 626 1800 nusquam
642 1732 699 1783 dein
714 1735 798 1798 sponte
813 1736 901 1799 jacebit

266 1810 331 1862 lnter
345 1829 426 1878 opus,
443 1813 566 1861 stomacho
580 1816 701 1862 monitore
718 1812 828 1880 fameque
842 1813 963 1878 magistri.

298 1889 349 1938 Hac
362 1892 434 1938 etiarn
444 1891 538 1952 ignaros
549 1903 650 1956 operum
661 1887 747 1938 domat
756 1904 806 1940 arte
816 1889 937 1940 Bubulcus
948 1909 955 1942 s

265 1965 400 2033 Conjungit
415 1982 460 2017 tres
480 1981 526 2016 una
542 1966 615 2016 boves
632 1963 664 2016 ad
679 1982 757 2018 aratra
772 1985 779 2018 e
795 1966 900 2019 duorum

263 2047 369 2096 Arbitrio
384 2043 497 2105 medius,
513 2060 638 2096 veteranos
655 2048 718 2094 inter
732 2082 741 2108 ,
754 2044 869 2113 agrestem

262 2122 366 2173 Molitur
383 2127 473 2190 patiens
490 2138 609 2188 operam,
628 2125 756 2190 paucisque
773 2123 874 2175 docetur

262 2198 406 2251 Verberibus
420 2198 493 2267 lull'os
512 2200 576 2249 ultro
594 2198 679 2250 durare
696 2200 797 2252 labores.

293 2275 334 2327 Ad
348 2282 404 2343 juga
421 2294 480 2342 coge
496 2292 561 2342 pares
579 2280 647 2327 annis
664 2280 690 2326 bt
706 2280 793 2329 robore
810 2294 911 2341 tauros;

261 2354 358 2406 Viribus
376 2372 403 2407 ut
420 2358 493 2422 juniii
510 2357 602 2405 sulcent
618 2357 748 2421 equalibus
763 2374 827 2407 arva.

261 2433 371 2484 Conficit
386 2432 519 2485 invalidum
535 2433 604 2482 fortis
617 2452 626 2492 3
643 2433 703 2494 vel,
720 2450 748 2485 ut
761 2437 811 2501 ipsa
824 2435 932 2489 ferarum

260 2510 358 2577 ingenia
372 2517 398 2561 in
414 2516 502 2561 vitium
520 2512 632 2559 labuntur
649 2528 743 2576 prona,
761 2513 883 2565 valentem

259 2587 336 2655 Cogit
352 2588 383 2639 ad
401 2594 499 2654 ignavos
515 2590 605 2653 pigrior
623 2587 745 2639 deflectere
762 2608 850 2642 mores.

292 2666 408 2716 Sublimes
424 2680 451 2715 ut
469 2681 522 2716 eant
541 2665 664 2731 speciofitls
681 2670 742 2717 inter
760 2668 876 2721 arandum

258 2743 314 2793 urs
330 2743 408 2793 fronte
425 2745 518 2803 boves,
536 2758 613 2808 neque
629 2757 698 2793 tanto
714 2747 811 2811 pinguia
828 2750 882 2797 nisu

258 2822 322 2871 Rura
340 2824 435 2881 secent,
452 2820 505 2871 loro
521 2820 674 2885 septemplice
688 2822 773 2885 jungat
789 2822 896 2885 Arator3

257 2898 400 2967 cervicique
416 2904 519 2966 jugum,
538 2915 588 2948 non
603 2899 714 2949 cornibus
731 2899 830 2965 illiget:
849 2906 902 2969 ipso

257 2975 313 3025 Plus
329 2981 416 3025 etenim
432 2976 497 3025 collo
514 2973 611 3041 possunt
626 2978 651 3024 bt
668 2978 761 3039 periore
778 2982 839 3028 tauri

257 3051 338 3115 Quam
354 3056 429 3121 capite
448 3056 473 3106 bs
492 3068 566 3107 cornu
583 3070 590 3103 s
607 3066 660 3104 toto
676 3050 708 3104 fic
724 3038 850 3121 pondssre,
871 3062 926 3112 rori
