2359 3975
371 505 571 573 linare
617 498 722 576 Vll.
840 521 908 608 ης

174 619 322 690 mergens,
337 625 363 672 δι
376 623 426 672 visa
440 622 527 690 loqui,-
538 625 647 683 rixatur}
662 628 687 674 δι
701 624 794 675 hoilenr

175 701 244 754 Fuste
258 705 377 768 sequens,
394 702 441 750 sese
457 716 485 750 ex
500 701 576 752 oculis
593 704 735 752 mirantibus
749 702 838 754 aufert.

208 779 269 830 lnde
283 780 427 830 Bo'e'marum
442 796 503 845 vaga
516 797 573 846 gens
589 797 660 847 atque
674 780 772 832 horrida
785 782 854 832 cultu

175 857 234 908 Fata
248 856 328 908 virum
342 858 451 907 manibus
464 856 569 923 relegens
582 861 714 925 inscripta,
728 859 820 909 colono

176 937 249 1002 Spem
266 935 343 995 facit,
362 939 386 984 lit
404 931 490 984 dubios
506 951 580 1000 augur
597 935 705 985 fortunat
720 951 828 988 amores.

209 1011 318 1063 Ramolir
330 1011 371 1062 alii
384 1009 490 1078 plaustris
507 1029 547 1078 per
561 1016 668 1078 compita
681 1014 742 1064 veui

175 1093 246 1142 Ruris
264 1088 359 1140 delicias
376 1093 401 1140 δι
416 1091 542 1157 Paganalia
557 1091 625 1142 versu

175 1158 364 1220 Concelebrant.
380 1167 429 1216 Alii
443 1184 517 1218 cornu
534 1170 665 1236 patuloque
679 1169 784 1221 ferarum

175 1237 325 1290 Horrificant
340 1241 398 1288 riuu
414 1239 521 1300 faciom3
540 1259 600 1308 quos
615 1243 722 1294 Rusticus
737 1245 815 1295 infans

176 1315 295 1378 Quaerat,
315 1321 339 1366 dt
356 1319 464 1366 inventor
482 1318 577 1384 fugiat,
596 1325 713 1388 matrique
728 1337 835 1388 reportet

175 1393 224 1442 Ora
239 1392 319 1445 virum
334 1391 416 1443 medio
429 1411 482 1462 quae
496 1394 585 1446 viderit
598 1397 696 1448 horrida
709 1403 774 1451 vico.

206 1467 321 1519 Exoritur
335 1483 410 1520 novus
424 1488 453 1520 en
466 1472 573 1537 strepitus
590 1491 596 1521 ε
610 1478 689 1525 vicina
703 1480 814 1542 iuventus

174 1545 272 1598 Rustica
288 1548 387 1598 rivalem
401 1563 473 1598 vocat
487 1552 513 1597 in
530 1555 661 1600 certamina
675 1569 763 1618 pagum
775 1571 784 1614 ς

174 1627 228 1676 sive
247 1627 353 1684 trocho,
368 1628 434 1690 piuis
451 1627 519 1675 senos
536 1628 575 1676 seu
593 1626 673 1678 ludere
689 1633 795 1691 chartis,

174 1705 229 1753 Sive
243 1701 310 1767 pili,
324 1700 455 1768 rapidoque
468 1705 536 1768 juvat
550 1703 695 1755 contendere
711 1709 801 1768 cursu,
885 1741 888 1746 -

173 1779 205 1830 Et
222 1781 264 1828 sua
280 1783 393 1845 proponit
408 1781 525 1828 trabeatus
541 1785 638 1846 praemia
653 1783 755 1835 Consul.

174 1858 331 1911 Concurrunt
341 1861 366 1906 in
380 1860 445 1922 equis
459 1861 554 1923 juvenes
571 1859 635 1910 :stat
649 1860 743 1926 penius
759 1862 807 1912 alta

173 1928 285 1980 Annulur
303 1945 331 1978 ex
346 1929 413 1978 ulmo
429 1946 436 1989 5
452 1933 520 1980 cursu
534 1950 607 2000 quem
623 1933 640 1983 ii
654 1939 708 2003 qnia
723 1938 823 2005 equestri

171 2008 295 2069 Abstulit,
313 2010 455 2075 inseruitque
470 2010 561 2072 hastae,
578 2016 674 2065 vilioris
690 2019 793 2067 horrores

173 2084 269 2137 Consul
283 2082 424 2135 adornatum
435 2088 501 2135 vittis
514 2086 555 2137 dat
568 2088 629 2139 ferre
640 2092 757 2156 galemm.

204 2164 270 2213 Hinc
283 2162 357 2228 epulis
371 2160 482 2229 dulcique
498 2161 567 2215 datur
580 2166 622 2215 lux
636 2184 721 2219 catera
733 2175 813 2231 vinot
839 2218 843 2225 .

172 2240 284 2294 sednon
297 2240 369 2306 longa
381 2256 461 2290 manet
475 2258 520 2306 pax
532 2246 594 2292 inter
606 2246 693 2309 pocula
707 2264 713 2293 e
728 2252 785 2298 vitia

171 2318 334 2383 Rixaiumque
353 2318 415 2367 saror
430 2317 522 2384 linguas
536 2322 562 2367 in
577 2324 653 2386 jurgia
669 2324 739 2373 Liber

172 2396 272 2454 Solvit,
293 2399 318 2444 dt
336 2395 434 2459 agrestes
452 2392 549 2443 nodoiis
565 2396 663 2447 fustibus
681 2414 758 2450 armat

172 2474 201 2523 ln
219 2474 271 2523 fera
285 2471 348 2521 bella
363 2488 466 2530 manum
485 2471 614 2539 festivaque
629 2474 716 2540 gaudia
730 2478 806 2528 lullus

173 2550 324 2615 Occupat&
339 2550 425 2597 misero
441 2549 564 2599 contristat
579 2552 661 2601 funere
676 2572 774 2621 pagum.
878 2562 881 2568 '

205 2622 274 2686 Quid
286 2626 346 2673 setas
364 2640 496 2673 memorem
510 2625 566 2676 luni
584 2643 641 2695 quas
656 2631 711 2680 teste
724 2636 822 2683 choreae

171 2698 323 2757 instaurant,
340 2711 432 2745 teneros
446 2696 505 2762 quid
518 2704 595 2750 amica
611 2719 652 2768 per
667 2704 726 2753 ostia
739 2722 822 2755 cantus

142 2790 146 2799 ·
172 2774 288 2827 Proveiii
303 2778 353 2841 iam
365 2776 451 2833 notin
468 2777 534 2824 suam
550 2777 606 2826 edm
619 2778 732 2843 Phyllida
745 2782 835 2833 clamat
843 2820 854 2845 ,

173 2851 205 2903 Et
221 2846 302 2899 surdas
320 2852 382 2913 jacet
397 2862 451 2897 ante
467 2848 551 2907 fores,
569 2851 695 2916 abiensque
711 2853 834 2903 Menalcas

173 2929 291 2993 Denigrat
307 2929 412 2990 ingratos
427 2928 529 2973 memori
547 2925 648 2990 fuligine
656 2930 748 2994 postes.

174 3002 242 3064 Quid
249 3004 358 3065 cytharas
365 3000 450 3064 loquar
457 3014 527 3064 atque
536 3002 671 3066 tubamjam
679 3004 742 3054 triste
749 3022 890 3071 canentem,

175 3076 241 3130 Crlrn
256 3078 298 3129 lua
312 3090 367 3134 orta
380 3073 453 3124 refert
465 3076 640 3141 hominumque
654 3079 777 3146 boumque
789 3083 892 3135 labores.

689 3194 691 3200 ¹
749 3170 813 3237 Gr}
