2359 3975
384 493 582 565 Liras
622 501 704 567 IX.
841 521 906 594 197

78 649 80 658 ,
178 603 245 680 liam
255 623 333 673 neque
344 609 407 659 bella
417 616 519 674 timent,
537 633 580 665 nec
590 621 643 682 jura
653 615 754 666 foreufia
766 636 773 665 ι
784 633 857 667 vanos

78 691 79 694 ’
177 683 238 734 Non
254 688 353 734 horrent
366 686 473 752 strepitus
490 710 496 738 ι
512 708 562 740 non
577 695 704 759 irrequieta
719 694 835 743 turnultus

177 761 274 811 Excitat
289 765 394 811 internos
411 768 488 814 tacitae
503 784 570 816 mens
585 772 681 818 conscia
696 771 782 836 culpat.

178 841 233 891 Lite
240 857 338 901 carent,
350 857 426 908 neque
435 859 493 893 nota
501 844 569 894 domi
578 847 732 899 vadimonia:
741 863 874 915 numquam

178 918 280 966 Lictoris
296 919 367 965 subiit
383 917 454 967 facies
471 922 545 972 invisa
559 937 676 986 penates3
719 919 724 923 ⁴

179 993 211 1042 Et
227 991 271 1042 nifi
288 995 354 1058 spem
372 993 444 1043 luerit
460 997 523 1060 seges
539 1001 673 1059 ementita,
691 998 802 1050 dolorem

178 1071 283 1121 Nullum
294 1071 366 1122 corde
377 1091 489 1139 premunt
501 1094 508 1134 3
524 1081 600 1128 oritur
610 1094 687 1145 neque
698 1080 785 1129 tristior
796 1083 856 1145 agris

98 1191 101 1210 ,
178 1149 238 1199 Ulla
252 1150 322 1212 dict,
338 1151 380 1202 nili
398 1171 470 1220 quam
488 1157 547 1206 soles
565 1158 641 1207 fecere
655 1159 766 1224 maligni.

210 1227 253 1277 Nil
264 1228 307 1278 srbi
319 1246 374 1278 cum
385 1231 502 1292 Medicis,
516 1234 624 1300 vanique
636 1237 775 1285 Machaonis
785 1253 835 1287 arte
846 1273 855 1296 ,

177 1305 209 1355 Et
222 1320 301 1355 tamen
313 1309 385 1373 usque
395 1309 494 1369 valent3
514 1310 574 1360 lecio
586 1326 629 1361 nec
641 1313 765 1377 plumbeus
775 1317 856 1364 Auster

177 1377 341 1444 languidulos
355 1379 446 1446 affigit3
461 1387 523 1432 iners
537 1401 581 1434 nec
594 1386 702 1446 Bruma,
716 1396 761 1437 'nec
776 1391 839 1438 ustas

175 1451 235 1501 Ulla
248 1468 320 1502 nocet
334 1473 340 1502 ι
355 1471 398 1504 nec
412 1459 520 1505 membra
535 1457 611 1520 ligant
626 1457 716 1508 nodosa
731 1459 841 1525 podagra:
854 1478 859 1508 :

176 1529 235 1580 Non
245 1531 368 1583 stomacho
379 1539 455 1600 gravis
467 1536 518 1584 esca
529 1557 534 1584 :
549 1536 640 1585 febrem
650 1554 700 1586 non
711 1537 813 1586 laethiier
823 1539 888 1588 afflat

174 1611 331 1671 Autumnum
348 1629 425 1680 neque
442 1613 533 1665 deliciis
548 1633 673 1681 properata
687 1619 791 1666 seneiius
868 1621 876 1629 '

176 1686 269 1745 Instat,
289 1690 314 1736 ὃ(
331 1702 461 1736 extremam
476 1705 569 1752 praecox
584 1687 709 1738 denuntiat
722 1690 815 1737 boram.

210 1761 262 1826 lpse
278 1762 389 1810 salutares
403 1765 507 1822 herbas,
523 1781 624 1830 quarum
639 1762 731 1828 indiget
744 1766 815 1821 rsus,

100 1843 103 1850 “
175 1839 267 1888 Hortus
278 1840 366 1898 habet,
381 1855 461 1899 tutas,
476 1841 585 1894 althaeam
596 1874 604 1901 ,
616 1840 731 1890 abiinthia
741 1876 748 1900 ‚
760 1841 849 1890 malvas
860 1871 869 1899 ‚

174 1915 206 1964 Et
223 1931 276 1980 quae
294 1915 422 1965 concilient
437 1919 535 1982 crispata
552 1935 667 1984 papavera
684 1921 789 1968 somnos.

174 1983 230 2041 Fclt
246 1995 271 2040 δι
288 2008 358 2056 opem
376 1992 474 2043 medicis
490 1994 557 2044 labor
573 2001 695 2061 potentior
710 1998 797 2047 herbis.

173 2068 206 2117 Et
222 2084 253 2117 ne
272 2067 334 2117 forte
351 2084 448 2133 gravent
465 2086 536 2135 opera
551 2070 666 2121 indefeffa
682 2074 803 2133 colonos,

174 2149 281 2211 Septima
297 2162 396 2212 queque
413 2146 462 2196 dics
481 2147 569 2207 ludos,
588 2154 614 2198 δι
632 2154 708 2198 amica
724 2151 788 2212 Lyaei

172 2224 247 2273 Dona
261 2222 350 2281 refert3
368 2226 493 2288 meritique
509 2224 564 2273 loco
581 2230 606 2272 δι
620 2228 714 2274 virtutis
732 2229 831 2277 habetur

173 2298 293 2365 suspensis
312 2298 396 2350 refides
413 2295 498 2348 collare
516 2300 637 2364 ligonibus
653 2316 731 2365 agros.

206 2378 294 2427 Mutua
310 2380 352 2441 qui
369 2375 453 2425 lelium
467 2390 539 2425 vocat
553 2380 579 2425 in
594 2380 705 2427 convivia
720 2394 828 2443 pagum,

162 2446 307 2512 'Laoucas,
325 2456 476 2517 cinaramque
493 2450 564 2517 dapes
582 2457 681 2517 apponit
698 2458 833 2519 inemptas3

173 2532 225 2581 Nec
241 2532 332 2592 cyathis
346 2532 421 2594 parcit
437 2546 444 2576 ι
460 2528 512 2592 post
527 2527 625 2593 prandia
640 2528 707 2579 ducit
721 2533 746 2579 in
763 2534 860 2581 hortum

172 2609 316 2666 Convivas,
335 2611 360 2656 δι
375 2606 453 2655 multa
467 2604 557 2667 docet,
575 2606 692 2674 discitque
704 2610 803 2660 vicillrm

172 2690 206 2738 lle
224 2691 292 2753 super
308 2686 430 2745 hortcnfis
448 2686 522 2753 longo
537 2690 646 2738 sermone
662 2692 756 2740 secutus

171 2767 305 2817 Herbarum
324 2768 387 2815 casus
404 2770 500 2826 varios,
520 2770 636 2833 usumque
652 2766 785 2826 medendi3

171 2839 264 2889 Pallida
282 2843 322 2890 seu
339 2844 400 2891 vitio
417 2841 508 2890 telluris
526 2842 634 2891 oluscula
651 2842 784 2906 languent,

79 2906 80 2921 ³
170 2914 262 2963 Infestis
279 2916 319 2963 seu
336 2915 472 2965 vermiculis
487 2912 577 2964 obsell'a
594 2929 712 2965 tenentur.

202 2987 255 3039 Nec
272 2986 325 3037 filet
340 2990 467 3037 herbarum
482 2992 563 3048 vires3
581 2991 622 3039 scu
635 2992 724 3055 pigrior
740 2989 828 3053 alvus,

80 3122 81 3133 ἢ
169 3062 215 3115 Seu
230 3062 303 3114 fucrit
321 3065 412 3125 citior,
432 3064 484 3115 tuffi
498 3066 538 3115 seu
553 3064 617 3117 forte
633 3064 752 3133 frequenti

745 3154 800 3221 lii)
