2359 3975
306 483 701 560 LrurnVHl
803 478 868 578 κῆ

137 609 224 664 Latius
238 611 264 660 ln
277 608 357 676 plures
374 606 415 657 sed
431 607 461 656 ab
480 622 528 654 uno
543 608 650 670 germine
663 602 757 652 culmos

140 688 296 747 Luxuriam,
314 689 372 734 texit
387 685 464 732 sulcos
480 687 515 731 ita
528 682 600 732 densa
616 681 723 740 feraces,

100 814 114 824 ,
139 764 245 813 villicus
260 765 362 810 inventa
378 757 467 808 diffisus
484 771 512 804 ut
523 759 600 814 artis,
616 759 709 819 opimat

139 839 207 889 Dein
226 841 315 902 segetes
334 841 426 886 inhians
439 871 447 896 ,
461 834 617 884 demiraretur
633 838 713 898 egenis

138 917 268 978 Quantum
283 918 352 964 rebus
370 913 434 964 adest
452 913 527 963 douc
544 914 640 962 solertia
656 915 752 962 mentis.

173 996 230 1042 Post
240 995 289 1042 ‘ubi
305 992 418 1060 disjunxit
433 1009 533 1052 tauros,
551 995 655 1041 semente
672 990 784 1055 petabid,

138 1069 269 1122 Ceffatura
287 1070 328 1120 diu
345 1070 469 1136 suspendat
484 1087 560 1121 aratra
574 1072 693 1120 Bubulcus
706 1087 714 1128 ς

138 1149 173 1198 Et
185 1147 273 1197 refides
284 1148 293 1214 (
305 1149 401 1196 hiberna
419 1152 483 1212 gregi
499 1163 528 1196 ne
544 1149 629 1212 pascua
643 1144 740 1212 defint)

139 1223 233 1292 injusso
250 1229 353 1290 patiatur
371 1243 439 1292 agros
457 1229 595 1276 revirescere
611 1225 681 1275 luent·

174 1301 268 1348 Interea
286 1315 312 1348 tu
328 1299 386 1348 dum
401 1315 488 1359 terra,
504 1302 547 1348 tibi
565 1315 626 1349 terra
637 1301 735 1349 vicissem

138 1375 192 1427 Dat
207 1382 336 1444 requiem,
354 1397 403 1428 non
418 1383 485 1446 pigra
501 1379 569 1429 domi
581 1395 662 1428 tamen
676 1382 727 1428 otia
740 1377 827 1439 ductu

138 1455 236 1505 Evidos
254 1455 321 1504 senio
339 1456 405 1504 lucos
423 1453 511 1505 invade
527 1457 619 1502 securit

138 1529 309 1598 Depositisque
327 1538 402 1583 comis
421 1536 462 1583 ubi
480 1538 549 1584 vinea
563 1536 647 1581 terruit
660 1547 736 1596 aegros

139 1607 215 1659 Nuda
232 1611 319 1670 Senes,
331 1609 446 1676 fluxaeque
463 1610 519 1658 tulit
534 1623 585 1656 non
602 1612 667 1656 irrita
681 1613 738 1656 vite

139 1688 254 1746 Omina;
271 1703 326 1737 tunc
344 1689 406 1737 ferro
421 1691 538 1737 sarmenta
555 1685 654 1734 fluentia
668 1685 743 1734 caedes
753 1701 771 1745 ,‘

138 1765 210 1815 Dum
228 1765 304 1830 tepidi
321 1765 414 1831 fulgent
428 1766 507 1825 soles,
523 1779 628 1814 tentetur
643 1765 725 1830 iniqui

138 1843 180 1895 Ne
199 1845 276 1908 glacie
292 1845 434 1911 ventisque,
448 1861 527 1894 recens
544 1861 557 1892 a
575 1844 674 1892 vulnere
687 1845 751 1892 vitis.

174 1921 257 1968 Prima
268 1935 363 1986 quoque
374 1923 482 1969 autumni
493 1921 535 1969 sub
546 1920 635 1986 frigora
642 1923 738 1970 consere
748 1920 820 1970 foetue

138 1998 279 2057 Arboreos3
295 2001 334 2047 seu
352 1998 438 2064 glande
454 2001 513 2048 satas
529 1998 627 2049 educere
642 1997 727 2060 silvas,

140 2078 188 2125 Seu
205 2070 281 2139 longo
296 2078 370 2124 mavis
388 2076 466 2123 ulmos
483 2072 600 2139 deponere
616 2079 709 2135 nanu,

140 2154 188 2203 Vel
206 2154 330 2202 scrobibus
347 2151 458 2201 mandare
473 2156 556 2217 piros,
574 2156 695 2218 hiemique
709 2158 794 2218 rigenti

82 2268 83 2273 ,
139 2226 248 2279 Credere
266 2228 346 2277 felices
364 2227 444 2276 alieno
462 2232 567 2292 germine
585 2244 680 2291 pomos.

140 2306 212 2355 Tunc
229 2308 256 2354 &
270 2305 385 2353 olivetum
399 2307 466 2370 juvat
479 2300 620 2363 instituiffe,
635 2308 770 2370 priusquam

140 2380 230 2429 Serviat
246 2380 348 2428 hiberno
367 2378 453 2427 Boreae
470 2376 598 2425 bacchatus
611 2378 642 2424 ab
659 2378 739 2428 Ateio.

174 2452 223 2503 Sed
233 2468 311 2518 neque
322 2452 393 2517 plena
403 2466 485 2501 tamen
499 2454 566 2515 piger
577 2448 608 2500 ad
617 2454 729 2516 presepia
740 2470 818 2507 taurus

139 2534 218 2584 Stabit
230 2550 238 2591 3
251 2535 276 2579 iu
290 2531 391 2581 herboso
408 2530 448 2580 vel
463 2534 569 2596 gramine
586 2530 656 2579 festus
672 2533 783 2584 oberrans

140 2609 217 2658 Triste
232 2612 284 2674 jugi
300 2606 405 2657 dediscet
418 2606 588 2667 on1n3sedin
603 2608 693 2674 oppida
708 2616 792 2662 vinum

139 2686 306 2751 Triticeasque
320 2688 391 2735 vehet
401 2688 505 2751 segetes,
517 2684 575 2735 dum
588 2686 672 2735 nubila
682 2686 803 2751 pendent;

139 2764 259 2814 Roboreit
270 2778 313 2811 nec
328 2760 386 2811 dum
397 2762 466 2812 tellus
483 2761 563 2811 madet
577 2765 642 2812 invia
654 2762 771 2826 plaustris.

171 2840 282 2889 Rusticus
297 2842 386 2888 interea
400 2839 491 2903 pluvias
508 2840 659 2902 hiememque
675 2839 779 2888 nivalem

139 2916 271 2967 Antevenit
283 2935 290 2963 r
302 2916 375 2980 plano
391 2931 460 2965 cavat
471 2915 542 2964 altius
557 2930 651 2979 aequore
667 2912 753 2963 folfatr

139 2992 264 3044 invalidos
282 2991 313 3041 ad
326 2992 427 3056 plaustra
441 2994 513 3042 boves
530 2988 638 3039 ducenda
655 2992 758 3042 macello

139 3070 271 3133 Destinat,
288 3072 314 3119 δι
329 3072 412 3135 pingui
426 3082 493 3118 curer
508 3066 585 3117 laxate
598 3065 691 3131 sigini2
747 3097 753 3113 .
