2359 3975
361 443 566 514 iiim
603 447 666 517 Η.
837 474 885 548 η

152 559 285 626 Imperium
296 557 384 608 misero
396 558 512 612 famulatu
525 580 531 610 =
543 579 632 629 perque
642 563 782 631 pudendum

154 639 279 700 Dedecus,
291 637 324 689 ad
339 641 444 691 summos
458 644 503 692 iter
512 643 637 710 investigat
646 647 767 706 honorem

153 718 199 767 Vel
212 735 295 768 rerum
309 736 398 770 vacuos
412 738 453 786 per
464 722 532 772 mille
545 726 642 790 negotia
656 724 717 775 solet

154 791 268 854 Condit,
281 798 307 844 δι
319 792 405 844 officiis
420 799 540 847 consumit
554 800 663 848 inanibus
673 805 770 852 avum?

183 867 296 920 Vendere
311 885 369 919 num
383 871 455 920 satius
467 871 617 934 clamorem,
628 875 746 942 operique
759 878 846 930 forenli

153 947 262 999 lnsoneea
273 949 321 1000 uni
332 949 458 1004 defendere
468 969 529 1003 voce
539 955 656 1020 reosque3

154 1021 276 1074 Ceufidiei
291 1024 330 1074 vel
343 1021 374 1074 ad
389 1025 512 1076 arbitrium
529 1029 626 1078 rixantis
639 1029 722 1080 acerbd

153 1098 269 1149 Tristibus
280 1097 345 1165 affigi
357 1099 422 1150 soliis
433 1134 442 1160 ,
455 1100 577 1168 alienaque
586 1117 684 1168 propter

151 1175 231 1239 Iurgia
249 1177 348 1240 privatis
363 1179 471 1225 animum
482 1175 610 1226 subducere
620 1177 688 1228 rebus
700 1182 710 1231 ἓ

152 1247 255 1300 Crudeli
266 1255 354 1316 pietate
366 1249 427 1302 datis
444 1267 502 1300 num
513 1250 607 1302 credere
616 1258 720 1304 nummis

152 1329 195 1380 ilis
211 1335 286 1380 etiam
302 1334 406 1382 invisum
420 1332 506 1397 quibus
523 1333 665 1384 auxiliabere
681 1334 777 1400 foenut,

151 1411 200 1462 Aut
213 1427 243 1460 ex
258 1410 345 1461 militia
358 1409 464 1477 predam
474 1409 559 1478 cepill'e
571 1427 713 1474 cruentam,

152 1484 183 1536 Et
191 1486 305 1548 lacrymis
317 1487 427 1554 ludiuque
440 1486 521 1538 virfim
539 1484 652 1536 ditescere
662 1489 750 1550 malle,

153 1565 234 1628 Qulm
245 1567 326 1633 spoliis
337 1568 366 1617 ab
378 1569 455 1618 humo
467 1565 514 1617 line
524 1571 567 1628 vi,
578 1567 626 1618 fine
636 1572 738 1619 crimim
750 1572 823 1635 raptis
833 1573 844 1622 i

183 1643 274 1692 felices
287 1641 397 1708 equidem
408 1678 416 1704 ,
427 1646 487 1692 ruris
502 1639 518 1692 fi
530 1641 661 1692 commoda
673 1647 772 1706 norint,

152 1717 266 1784 Virgilius
278 1721 342 1768 canit
352 1716 475 1784 Agricolas
485 1735 493 1776 ς
505 1732 530 1766 at
539 1714 615 1767 fidere
628 1714 695 1768 nolle

151 1791 255 1852 Masset,
267 1797 293 1843 bc
308 1792 414 1844 occultas
428 1791 526 1843 Natura
536 1790 647 1842 accedere
656 1809 743 1858 partes.

150 1865 345 1938 Egregiam'verb
357 1873 460 1924 ¹sortem!
472 1871 520 1938 qui
533 1873 603 1922 rebus
619 1875 645 1922 ln
659 1875 728 1925 usum

149 1945 249 1997 Laetitiae
260 1949 321 1997 natis
335 1951 443 1997 animum
454 1949 584 2007 cruciarem
596 1950 621 1996 δι
632 1949 701 2000 orbes

149 2020 239 2073 Anxius
253 2026 366 2075 aethereos
377 2023 434 2073 coeli
447 2025 562 2072 scrutator
573 2024 667 2082 obiret,

148 2105 177 2155 ln
191 2107 269 2155 varias
282 2118 386 2167 cogens,
402 2103 471 2152 instar
485 2102 576 2163 Ducis,
590 2103 650 2152 astra
661 2106 789 2166 cohortes;

148 2180 216 2230 Dum
229 2178 317 2227 fruitur
327 2176 398 2227 stellis
410 2181 434 2226 bc
446 2176 523 2226 amici
532 2178 602 2226 node
616 2177 725 2229 colonus.

180 2254 228 2305 llic
246 2253 303 2303 laeto
319 2253 362 2300 sub
378 2252 427 2304 sole
444 2253 516 2302 boves
533 2268 574 2317 per
592 2265 659 2316 prata
672 2270 784 2321 vagantes

149 2336 240 2403 Aspicit
253 2352 262 2393 3
279 2336 303 2382 bc
320 2346 386 2381 tcrrae
402 2330 509 2381 florentis
524 2334 629 2395 imagine
644 2330 741 2396 gaudet.

148 2414 192 2465 llle
206 2428 293 2463 acuens
309 2412 372 2461 vitro
390 2410 504 2477 speculati
520 2410 632 2471 lumina,
651 2408 717 2460 floris

149 2490 267 2553 Quaeritat
277 2489 302 2534 in
316 2488 408 2551 gremio
415 2489 516 2550 'puttive
528 2482 661 2545 cadavere,
675 2484 745 2537 nudis

149 2568 208 2631 Quae
220 2576 343 2631 nequeunt
356 2561 432 2611 oculis
447 2560 560 2613 animalia
571 2578 645 2628 parva
656 2560 742 2613 videri.
839 2559 841 2562 ’

180 2644 290 2695 Rusticus
303 2643 405 2693 herboso
418 2638 519 2692 relidens
530 2645 556 2691 in
570 2642 652 2694 littore
664 2644 729 2704 tivi,

148 2726 206 2777 Non
221 2737 294 2789 caput
307 2726 333 2771 δι
344 2738 417 2775 caecas
432 2724 473 2771 snb
485 2724 561 2773 humo
574 2725 673 2773 rimatus
688 2739 804 2793 aquatum

148 2806 255 2871 Ancipiti
270 2804 363 2853 ratione
378 2805 448 2863 viat,
466 2802 561 2853 accerfit
577 2803 608 2852 ab
623 2801 674 2851 alto

146 2883 275 2949 Perpetua
290 2882 376 2947 pelago
390 2882 468 2933 fontes
481 2901 490 2943 i
504 2881 545 2933 sed
559 2896 675 2933 concavat
689 2881 770 2929 ambae

147 2959 174 3008 ln
188 2974 297 3024 pateram
312 2956 403 3021 palmet
417 2956 513 3016 sitient,
529 2955 655 3007 dulcemve
671 2956 788 3020 liquorem

146 3037 194 3090 Ore
208 3039 274 3088 bibit
288 3052 387 3103 prono,
405 3036 529 3105 lympham
543 3040 643 3089 nnana
656 3052 766 3097 centena
866 3099 873 3113 ι
