2359 3975
271 488 305 558 iv
425 484 454 554 E
479 481 504 551 P
529 480 542 549 Ι
568 480 588 551 S
615 467 649 550 T
673 477 708 548 O
731 476 762 546 L
787 480 833 545 A.·

273 610 337 678 rius
356 605 480 701 operis,
496 603 583 698 quod
596 591 804 689 confidentiris
822 594 977 689 exsequar
988 619 1002 699 ‚¹

259 730 374 831 struo
388 725 517 821 judicio
547 722 779 820 conprobatum
808 709 1002 807 intelligam.

271 852 307 920 ls
321 848 403 919 enine
415 873 445 916 ts
463 870 552 937 quent
564 843 678 913 areium
691 839 833 909 omniurn
846 863 884 906 at
890 837 1003 929 sciere·

272 973 387 1041 tiarurn
405 994 471 1038 non
480 989 653 1058 patronum
671 962 787 1049 moll,
801 959 864 1051 sed
879 954 913 1027 δ’
931 981 1003 1026 rna·
1095 1013 1096 1017 ,

269 1092 394 1192 gistrum
416 1112 608 1162 veneramur.
630 1085 763 1177 Jamque
782 1082 872 1173 apud
892 1099 1003 1149 orato-

272 1239 319 1283 res
340 1212 485 1315 conflat,
511 1234 577 1278 non
601 1207 708 1275 habere
732 1196 810 1271 illos¹
829 1201 914 1269 unde
936 1224 1004 1267 rne-

270 1338 353 1406 liora
390 1331 571 1426 eloquentia
610 1328 797 1395 documenta
827 1323 1003 1416 sumant‚'

272 1455 366 1551 qutirn
377 1453 415 1555 fi
431 1476 459 1524 te
478 1454 628 1521 dicentem
647 1448 682 1516 in
700 1445 839 1540 publicis
859 1442 1003 1511 Prouin-

273 1583 326 1650 tiu
347 1576 482 1647 comitiis
501 1572 670 1643 audierint.
693 1564 860 1662 Quantrlm
881 1565 917 1632 in
930 1589 1005 1656 per·

273 1702 444 1775 trailandis
459 1696 618 1793 negotiis,
636 1691 779 1781 rebusque
788 1686 927 1781 publicis
943 1687 1005 1753 ael·

275 1822 487 1925 ministrandis
497 1815 672 1911 proficiunt
688 1810 741 1903 qui
756 1830 785 1876 te
796 1804 931 1899 propiis
948 1806 1008 1873 in··

274 1968 437 2044 tuentur,
476 1933 647 2008 declaravit
682 1928 869 2028 uquiffirnus
905 1951 1005 1997 rerum

220 2104 223 2108 ·
275 2057 640 2170 aflirnator-Lutiovicus
657 2052 828 2146 Magnus,
850 2050 904 2142 qui
927 2047 1006 2117 Cur·

267 2191 401 2286 soniurn
417 2183 527 2276 filiurn
552 2200 641 2247 tuum
663 2171 842 2266 praseilurel
869 2169 1007 2239 donavit

277 2304 493 2406 ampliffimti‚
525 2324 591 2368 nan
620 2318 686 2364 tam
699 2303 702 2310 '
710 2288 904 2391 perpendens
935 2290 1008 2382 ejus

278 2456 407 2516 annas,
427 2421 521 2520 quim
540 2421 750 2511 exemplorum
768 2412 1009 2499 tummim,

273 2523 514 2650 praclarainqut
538 2541 628 2610 illius
652 2538 789 2606 indolem
808 2532 926 2635 faustis
941 2533 1007 2626 sub

274 2671 487 2780 penetralibus
517 2664 695 2733 enutritam.
731 2657 779 2726 Et
813 2677 1009 2746 quamquam

281 2802 354 2893 testes
372 2815 449 2888 toga
469 2782 671 2877 tranquillior
687 2800 717 2848 tt
737 2802 757 2845 a
775 2771 917 2870 gerendis
939 2776 1011 2842 bel·

266 2926 323 3012 lit
335 2915 483 2989 amoverit
499 2960 511 2996 ‚
537 2907 589 2976 ubi
614 2927 717 2972 tamen
730 2896 905 2967 Provincia
910 2895 1010 2988 salus

280 3067 311 3124 te
336 3042 381 3116 acl
399 3015 492 3109 'arma
519 3021 699 3132 capeffenda
727 3018 904 3124 conpulit,
932 3041 1011 3120 per·
