2359 3975
392 504 420 573 L
436 520 456 573 1
477 520 503 575 r
525 525 549 575 r
568 526 596 577 n
647 506 679 580 Ῑ.
851 532 894 613 23

166 620 276 691 Agrtster
292 619 374 676 rideas
392 621 515 675 decurrere
532 630 603 693 pensa
620 629 723 680 Puellae.
830 637 834 643 ’

201 699 307 750 Villicur
324 699 422 749 accensi
439 718 496 751 nam
514 702 573 754 dum
593 705 645 755 face
664 705 757 773 singula
774 706 874 776 lustrat,

168 778 202 829 Et
218 778 310 829 clausae
327 777 407 830 invisit
426 796 502 841 ores,
523 798 697 853 numerumque
714 789 839 849 recenset,

169 857 223 909 Nec
241 859 352 919 Pueros,
373 856 531 929 timidamque
547 862 622 911 Patria
638 867 760 929 presencia
775 866 866 917 Natam

169 928 307 980 Continet:
320 929 363 980 illa
373 931 482 993 bonum,
496 950 568 1003 quem
579 934 649 1001 fingit
659 940 897 1000 amare,Memicam

168 1016 290 1066 Dulcibus
308 1014 444 1084 aggreditur
459 1018 536 1068 verbis
551 1036 559 1077 3
579 1019 741 1090 stolidumque
757 1025 866 1092 maligno

170 1094 291 1160 illaqueat
308 1096 436 1154 sermone,
453 1097 506 1144 suos
523 1112 551 1147 ut
568 1100 594 1147 bc
611 1100 660 1163 ipse
676 1102 777 1152 vicissim

169 1168 301 1236 Explicet,
320 1174 345 1220 δι
366 1188 438 1223 rauco
458 1188 530 1222 cantu
549 1175 645 1226 testetur
665 1195 777 1239 amores,
864 1188 868 1198 '

169 1246 254 1311 Speret
264 1250 289 1296 bt
301 1248 357 1303 hinc
367 1246 463 1299 laudem
475 1284 484 1309 ,
497 1252 570 1300 risum
580 1270 678 1321 quoque
688 1254 760 1307 ducat
768 1256 856 1309 honori
860 1276 871 1320 3

170 1320 251 1387 Atque
266 1325 334 1387 iocos
351 1338 433 1376 vecors
455 1338 505 1372 non
519 1326 606 1375 sentiat
624 1330 688 1377 inter
702 1330 800 1379 acerbos

169 1396 262 1453 Illudat
279 1402 350 1464 nigro
368 1397 436 1473 qubd
453 1401 564 1451 Thestilis
584 1406 696 1469 improba
715 1408 806 1469 succo,

169 1475 202 1528 Et
223 1476 310 1525 sacimr
326 1478 460 1533 conscribat
477 1495 485 1531 r
502 1480 590 1536 habent
607 1498 664 1536 uam
679 1499 753 1552 pagur
769 1488 802 1533 &¹
813 1486 881 1536 utber

169 1554 227 1605 Hoc
243 1557 372 1604 hominum
389 1570 462 1620 genus
480 1554 511 1607 ad
527 1557 596 1623 vulgi
612 1558 716 1609 ludibria
730 1575 814 1610 natum
823 1579 832 1621 ;

170 1631 240 1691 Quos
257 1635 355 1697 impune
373 1635 436 1698 pigri
453 1634 522 1684 bovis
539 1636 612 1683 instar
632 1640 742 1686 acumine
757 1654 866 1703 pungas,

169 1705 271 1773 Quique
286 1704 330 1755 fibi
346 1705 384 1759 vel
404 1720 486 1771 aperta
500 1707 562 1758 int'er
577 1710 688 1763 convitia
703 1706 826 1773 plaudant.

202 1782 320 1833 AEsculeis
338 1787 425 1839 tellum
441 1784 496 1849 pilia
513 1782 628 1851 suspende
643 1784 735 1835 Coloni

168 1862 217 1913 Pro
235 1862 350 1922 foribus,
365 1863 406 1910 sua
424 1876 474 1931 quo
495 1859 606 1917 defendit
625 1866 731 1929 tegmine
748 1862 850 1929 plaustra

167 1940 202 2002 Et
217 1939 288 1992 dolat
302 1941 413 1990 hibernos
429 1956 510 1990 currus
530 1944 555 1992 bt
576 1955 654 1991 aratra
671 1958 712 2008 per
727 1944 825 1993 imbres.

195 2021 229 2071 ,εἰ
244 2017 273 2069 fit
286 2034 340 2070 rure
353 2017 462 2086 frequent
478 2021 523 2068 iter
536 2021 561 2071 bt
578 2018 692 2080 solenne,
710 2021 832 2071 tabernam

169 2095 241 2147 Pone
250 2097 361 2153 viatori3
379 2087 420 2144 sed
437 2109 523 2160 egenos
538 2099 619 2161 excipe
632 2098 698 2146 uuis

168 2173 223 2240 lpse
237 2177 293 2224 uris.
309 2173 443 2226 Hominum
456 2171 580 2242 quondam
591 2172 731 2247 Divtimtque
741 2174 833 2244 parenti

169 2251 271 2302 Nomen
284 2252 314 2298 ab
330 2252 435 2314 hospitio
450 2264 538 2299 veteres
554 2250 632 2300 fecere
651 2268 659 2309 3
675 2252 769 2321 suisque

169 2329 238 2380 vilra
253 2325 313 2377 dum
331 2327 425 2377 latebris
438 2327 551 2377 animalia
570 2328 668 2383 somnus
684 2325 806 2385 habebat,

168 2405 231 2457 Non
248 2407 373 2462 hominem
386 2401 453 2461 nudo
471 2402 569 2455 voluere
586 2404 629 2452 sub
646 2405 733 2452 ethere
747 2405 828 2452 noller

168 2482 266 2536 Ducere
284 2499 292 2542 ;
309 2481 350 2531 sed
366 2485 428 2536 terto
445 2479 565 2536 donarunt
583 2482 697 2546 hospitet
713 2478 818 2532 necdum

169 2560 303 2614 Audieram
319 2564 420 2626 inopum
437 2561 481 2611 vili
498 2561 540 2608 sub
557 2560 620 2610 veste
640 2559 714 2610 latere

171 2641 239 2705 Saepe
255 2639 353 2699 Deum,
372 2637 483 2708 coeloque
502 2637 582 2693 virini
599 2640 638 2703 pia
655 2635 720 2686 dona
740 2639 833 2704 reponi.

206 2719 245 2770 Ne
260 2715 369 2784 gravidas
385 2715 474 2788 procul
488 2732 502 2765 a
516 2715 576 2766 villi
590 2730 652 2765 terat
668 2732 721 2764 area
740 2713 849 2776 mefferg

171 2797 211 2848 Ut
229 2799 317 2862 raptim
335 2795 455 2845 frumenta
471 2791 539 2842 domi
556 2792 619 2849 mall
635 2795 693 2841 trita
708 2791 845 2854 recondat,

173 2877 199 2926 Si
215 2875 304 2924 subitur
320 2873 409 2922 nimbis
425 2868 562 2919 fallentibus
578 2872 670 2934 ingruit
683 2869 780 2918 imber.-

173 2952 277 3018 Eligitur
294 2952 363 3001 locus
378 2951 403 2998 bt
421 2945 548 3005 sublimis,
568 2949 594 2995 u
612 2946 696 2995 arbore
712 2942 807 3009 undu,

172 3029 210 3081 Ut
228 3030 307 3080 lenem
325 3029 427 3092 accipiat
443 3021 570 3090 perflabilis
585 3040 639 3074 area
653 3036 762 3073 veumm.

172 3105 221 3177 iila
236 3107 276 3165 rel
290 3107 384 3200 ‘nogenti
401 3103 446 3165 ubi
463 3098 637 3176 complananda
652 3099 784 3171 cylindro,
