2359 3975
311 488 360 553 aa
435 472 891 561 PrnnrrfRnsrrcr

311 600 412 664 serpat,
427 598 454 647 sc
469 597 495 645 iu
512 592 604 643 tabulas
621 589 669 641 late
686 590 797 655 contagia
813 600 922 638 manent.
946 580 952 589 ’

344 676 437 727 Horrea
454 674 575 722 Sithonius
593 670 680 719 Boreas
695 669 795 733 inspiret
813 685 822 715 r
838 664 934 733 aquosis

310 752 365 805 Nec
383 753 465 801 subeat
482 752 564 815 pennis
582 750 694 797 inimicus
712 745 820 811 frugibus
835 742 928 793 Auster.

311 832 381 884 Diria
395 830 535 893 Testosages
553 824 636 877 medio
657 826 764 890 granaria
782 826 838 874 vico

312 909 464 969 sacrificant,
484 908 603 957 &humo
622 902 731 954 condunt
748 902 869 952 frumenta
888 899 1022 954 domorum
1085 967 1086 970 Ἴ

313 982 376 1034 Ante
396 983 475 1042 fores,
494 979 582 1045 pluviae
601 979 681 1027 secura
698 977 804 1035 ruentis,
822 978 849 1026 &
867 992 929 1026 aure

313 1058 404 1107 Omnia
422 1072 536 1122 perpetuo
557 1054 671 1105 solventis
690 1069 792 1119 corpora
808 1053 887 1119 pulsu.

346 1133 465 1183 Curculio
484 1132 550 1182 farris
569 1131 679 1182 cumulos
696 1132 738 1180 ubi
755 1128 839 1181 rodere
855 1132 949 1197 cupit,

314 1209 414 1259 Summa
432 1224 514 1270 tenet,
533 1224 635 1276 totoque
653 1208 718 1258 luem
732 1210 862 1278 permiscet
878 1224 984 1270 acervo,

314 1287 423 1339 Ventilat
441 1290 517 1337 exesas
533 1290 576 1355 qui
594 1287 665 1354 plena
681 1304 724 1355 per
740 1289 825 1337 horrea
843 1286 932 1353 fruges.

348 1366 466 1432 Agricola
484 1364 513 1416 fit
530 1366 583 1415 laxa
603 1364 689 1416 domus
707 1384 714 1414 t
730 1368 771 1415 sua
788 1365 848 1416 cella
864 1364 996 1425 Bubulco,

314 1444 353 1495 sir
372 1446 414 1493 sua
431 1444 519 1495 Pastori
541 1462 547 1493 τ
565 1444 661 1494 stabulis
680 1460 730 1495 non
747 1442 832 1495 influat
848 1444 948 1503 imber,

315 1521 373 1583 Quo
391 1538 505 1588 pecorum
525 1520 607 1573 mollis
625 1526 786 1589 corrumpitur
802 1520 914 1587 ungula,
931 1536 1014 1572 murus

316 1597 438 1666 Deperit‚
455 1604 481 1651 δι
498 1600 572 1651 tristes
589 1598 682 1651 ducunt
703 1599 815 1651 animalia
832 1600 939 1649 morbos.

317 1676 441 1729 Manibus
459 1694 500 1729 aut
518 1677 611 1729 inclusa
629 1682 713 1739 cavis,
731 1676 770 1728 vel
789 1675 893 1743 pendula
912 1678 1006 1725 sursum

317 1755 407 1805 Nullos
424 1758 525 1804 incutiat
542 1754 636 1804 fumosa
651 1754 747 1803 lucerna
764 1757 882 1813 timores;

319 1828 353 1882 Et
370 1828 455 1894 procul
474 1844 488 1877 a
505 1826 602 1876 stabulis
619 1828 662 1875 sub
683 1827 774 1876 fornice
793 1827 883 1876 Villica
899 1840 971 1892 panes

319 1904 443 1971 Excoquat
462 1922 470 1963 5
489 1904 596 1953 accensas
613 1920 645 1953 ne
662 1906 729 1970 cigna
746 1902 848 1956 calentia
864 1902 973 1953 flammas

319 1983 465 2049 Accipiam,
484 1983 588 2049 totisque
607 1981 685 2034 ferant
703 1981 814 2034 incendia
830 1985 905 2033 reikis.

352 2063 475 2130 Agricolas
495 2066 562 2129 juvat
579 2066 688 2129 inprimis
703 2065 805 2131 spatiosa
822 2064 923 2122 culinas

319 2143 376 2204 Qui
395 2142 496 2192 collecta
516 2137 603 2191 domus
622 2140 688 2208 largo
709 2142 827 2192 brumalia
844 2141 912 2210 ligno

320 2219 419 2286 frigora
437 2214 572 2280 diffolvat,
590 2217 719 2285 laffataque
736 2222 832 2286 vespere
852 2232 919 2269 curet

321 2293 453 2361 Corpora,
468 2308 512 2347 nec
530 2291 594 2344 leros
610 2309 670 2360 opus
689 2296 847 2358 interrumpat
864 2289 895 2340 ad
912 2293 989 2356 ignes.

321 2375 389 2434 Quos
406 2375 497 2422 etenim
514 2367 544 2421 de
561 2373 630 2421 nocie
646 2373 723 2438 potest
738 2388 819 2437 urgere
836 2371 949 2431 labores,

322 2451 381 2502 Non
399 2450 453 2498 finit
470 2443 571 2498 hiberno
588 2448 640 2497 fieri
657 2449 700 2497 sub
716 2449 765 2498 sole
783 2448 902 2499 Colonus.

356 2526 411 2576 Post
428 2523 507 2588 epulas
526 2527 581 2572 hinc
600 2521 656 2573 inde
672 2522 755 2574 sedent
772 2523 907 2591 &grandis
927 2524 1035 2584 Amor,

323 2599 440 2654 Horridus
457 2605 482 2650 &
495 2601 572 2650 custos
587 2617 728 2666 caprarum,
740 2606 871 2669 oviumque
884 2602 1018 2668 magister,

323 2680 402 2748 Aoque
420 2677 548 2728 lacertosus
561 2675 664 2739 Foffor,
679 2677 796 2746 durusque
811 2680 949 2732 Bubulcus:
993 2736 998 2742 ,

324 2753 450 2809 Avulfisfi
471 2771 524 2826 quae
540 2757 612 2804 ramis
630 2758 734 2817 haesere,
753 2772 845 2806 tenaces

325 2837 454 2886 secernunt
474 2833 538 2884 oleas
557 2851 565 2893 ς
584 2832 729 2901 detonsaque
745 2833 834 2885 vellera
850 2850 973 2903 purgants

324 2910 357 2962 Et
376 2909 470 2962 findunt
487 2947 496 2972 ‚
512 2910 658 2978 lymphlque
675 2909 776 2962 domant
793 2913 905 2962 Amerina
918 2913 1030 2977 calentia

324 2988 421 3038 Viribus
437 3003 479 3039 aur
495 3004 583 3038 acuunt
599 2987 694 3052 vallos,
716 3006 757 3040 aut
774 2992 864 3042 vimine
882 2991 949 3043 lento

324 3065 470 3130 conficitur
484 3065 589 3121 calathos
606 3084 617 3131 5
633 3068 675 3120 sus
686 3085 731 3121 nec
747 3066 874 3138 jucundius
889 3071 991 3140 usquam
