2359 3975
407 445 697 522 issaar.
840 473 911 551 -105

179 565 313 628 flebitur,
331 569 357 618 bc
376 567 461 633 longos
479 571 588 618 imitatur
603 569 702 620 fornicis
719 558 804 620 artur:

179 647 225 696 Seu
246 647 405 708 labyrintheo
421 661 472 694 uon
488 645 635 696 observabile
653 645 716 696 flexu

181 725 274 776 Turbae
288 728 354 783 iter;
369 721 469 790 quodfi
484 725 586 776 tenebris
600 728 653 792 quit
666 740 749 791 captus
763 729 863 776 amum

163 801 166 805 “
180 800 336 867 Ingreditur,
352 805 393 852 vix
407 803 430 850 le
446 798 574 851 dubiarum
590 803 690 868 ambage
704 806 798 853 viarum

179 880 317 946 Expediet;
334 878 374 929 sed
391 897 432 944 per
447 879 518 928 calles
535 882 627 929 errabit
643 879 761 940 eosdem,

180 960 314 1024 Ambiguos
331 957 432 1006 referens
450 959 491 1009 sua
504 972 547 1022 pet
561 957 659 1023 vestigia
674 955 772 1023 greffus.

139 1055 142 1060 ·
213 1031 347 1084 iucundam
361 1035 441 1082 vicina
458 1029 534 1080 domu
550 1047 647 1098 quoque
663 1031 751 1082 sufficit
768 1034 877 1084 umbram

180 1110 268 1162 Morus
280 1127 289 1169 5
302 1124 327 1160 at
337 1108 380 1158 illa
392 1124 468 1158 comae
480 1107 580 1174 longum
592 1125 642 1158 non
652 1111 729 1160 servat
739 1112 857 1160 honorem
869 1131 876 1160 :

179 1185 293 1252 Namque
309 1187 454 1234 renascentes
472 1183 512 1232 ubi
528 1181 593 1233 milit
607 1187 633 1237 in
649 1189 702 1234 εδει
716 1183 832 1248 frondes,

121 1303 122 1306 ,
179 1263 249 1312 Dura
265 1261 399 1328 puellarum
416 1276 499 1310 manus
515 1261 604 1319 instat,
620 1263 645 1310 ic
660 1262 744 1310 arbore
757 1279 840 1312 vernas

181 1337 263 1388 Tollit
279 1353 356 1402 opes,
373 1332 448 1385 avidis
463 1331 560 1388 dulcem
576 1335 726 1385 bombicibus
740 1338 826 1386 escam.
900 1366 902 1369 -

179 1414 258 1467 Triste
269 1413 367 1482 quidem
379 1448 387 1476 ,
399 1412 439 1464 sed
450 1429 500 1464 non
511 1427 591 1463 tamen
600 1413 750 1478 irreparabile
760 1413 874 1464 damnum
884 1433 893 1472 i

180 1497 207 1546 si
220 1492 302 1544 reduci
318 1511 373 1544 cum
389 1491 474 1543 fronde
490 1491 575 1542 decens
587 1509 684 1559 quoque
697 1492 777 1543 forma
789 1491 891 1542 rediret:

180 1568 229 1621 Sed
244 1569 320 1618 lacera
335 1567 389 1617 srcci
405 1565 509 1632 pendent
524 1584 552 1623 ex
566 1567 651 1617 arbore
666 1570 747 1627 rami,

180 1645 249 1707 Quos
266 1659 371 1710 properae
387 1660 461 1694 veruo
477 1643 572 1708 fragiles
586 1647 688 1692 humore
704 1642 790 1708 puelle

180 1720 310 1772 Decull'ere
325 1739 407 1786 manu.
424 1725 474 1774 Vos
489 1741 505 1772 ο
522 1723 529 1772 l
545 1722 601 1773 dein
616 1726 707 1789 parcite
722 1725 821 1772 summis

181 1798 336 1858 frondibus,
354 1803 379 1848 δι
398 1799 457 1850 levi
472 1804 550 1867 capita
565 1799 691 1850 indetousa
707 1816 833 1862 tenentes,

181 1875 309 1926 flexibiles
325 1873 395 1926 ducti
408 1881 486 1942 uirgas
503 1876 610 1928 abradite
628 1876 711 1928 dextri
725 1895 735 1937 3

180 1952 221 2025 Ne
236 1957 332 2021 praecisa
349 1951 430 2006 c‘oruas
445 1957 553 2007 scabrum
568 1971 639 2022 caput
654 1954 751 2007 horrida
764 1974 846 2009 morus

181 2034 290 2093 Exorat,
309 2037 335 2083 δι
351 2036 414 2099 turpi
427 2036 556 2097 reprimens
571 2032 663 2083 hastilia
676 2032 763 2095 nodo,

182 2108 325 2165 indecorem
340 2109 392 2159 rari
407 2125 519 2161 truncum
532 2114 572 2160 vix
587 2126 701 2176 contegat
716 2114 814 2163 umbri.

218 2184 293 2248 Quod
307 2185 419 2235 domibus
432 2202 534 2253 quero,
550 2190 597 2237 toti
610 2185 682 2237 decus
696 2186 782 2238 addere
797 2207 871 2256 regno

183 2266 248 2332 Lege
265 2263 323 2315 dati
337 2264 416 2315 voluit
431 2266 542 2329 Princeps
559 2284 566 2313 t
588 2264 645 2313 ctlm
658 2264 728 2314 strata
742 2270 837 2317 viamm

163 2374 166 2379 ·
181 2344 314 2396 Arboribus
330 2338 394 2407 cingi
413 2340 494 2407 pofitis
512 2337 640 2389 hincinde
656 2342 775 2405 jubebat;

184 2423 283 2479 Grande
298 2426 385 2473 viatori
402 2420 526 2488 quondam
543 2421 650 2471 solamen
664 2424 691 2470 in
707 2422 783 2484 estu,

183 2499 237 2551 Nec
255 2496 402 2558 modicum,
420 2498 486 2563 ligno
500 2501 550 2562 jam
566 2494 711 2559 deficiente,
729 2501 828 2549 caminis

183 2574 309 2625 Auxilium
324 2590 330 2621 r
346 2570 388 2621 sed
401 2568 461 2638 quid
474 2572 537 2637 leges
554 2569 602 2623 sine
615 2573 742 2622 moribus?
758 2574 828 2623 arbor

148 2657 150 2661 ’
184 2650 320 2705 Confitafi
337 2668 385 2718 qua
402 2652 469 2711 fuit,
486 2654 597 2702 manibus
613 2652 724 2718 politoris
739 2656 803 2702 avari
849 2682 853 2690 =

70 2780 77 2792 ,
183 2728 310 2788 Vellitur,
331 2742 372 2777 aut
388 2730 462 2777 tacito
477 2730 539 2791 perit
555 2726 679 2777 intersedit
691 2743 807 2786 veneno,

185 2806 298 2855 Triticeis
313 2818 418 2855 noceant
435 2804 496 2853 olim
512 2819 542 2852 ne
562 2804 671 2852 meiiibus
688 2805 787 2854 umbra.

185 2881 248 2931 Iusta
263 2884 351 2947 operi,
370 2877 486 2939 Lodoix‚
503 2878 520 2927 sr
535 2879 625 2927 mulda
640 2878 773 2940 leviffima,
788 2884 843 2947 pagi

186 2958 294 3026 vectigal
312 2960 443 3018 minuens,
461 2954 540 3023 legem
557 2952 709 3017 firmaverim
725 2972 800 3013 annos
892 2980 896 2984 ·

704 3046 708 3052 “
772 3044 824 3097 Er
