2359 3975
374 499 483 568 L1u
499 509 563 566 un
605 497 680 568 sV.
837 515 881 595 9¹

162 617 267 668 venandi
281 614 384 666 lbrrlium
398 617 569 682 venatoresque
581 616 702 682 relinquat

161 691 282 743 Desidibus
294 692 385 742 catulos
398 691 525 740 Dominis:
538 690 579 740 sibi
590 695 701 756 quaeritet
711 705 809 750 aerem,
878 721 882 728 -

162 771 213 832 Quo
226 769 322 822 custode
337 767 405 820 domi
419 768 464 820 snt
474 775 556 820 omnia
570 785 637 831 ruta,
649 768 794 822 molossum:

160 855 181 902 A
194 851 278 902 rabidis
295 867 365 917 pecus
380 849 421 900 ille
436 852 498 917 lupis
511 853 551 902 sub
569 853 729 911 (obruetur,

160 930 332 998 Excubitorque
345 932 404 998 vigil
419 935 542 997 pernoctat
558 933 631 984 ovilia
645 935 754 992 circum3

159 1007 188 1059 Et
201 1010 279 1071 fures,
297 1009 368 1078 fiqui
384 1012 459 1078 plenis
474 1014 597 1077 subrepere
616 1012 689 1061 taulis

160 1084 294 1136 Teutobunt
305 1121 313 1146 ,
325 1087 362 1137 vel
377 1104 437 1142 voce
452 1087 535 1152 fugat,
550 1087 588 1138 vel
605 1085 675 1137 dente
692 1085 797 1136 lacellit:
878 1103 882 1109 ·

159 1165 207 1214 Olli
219 1165 293 1217 cruda
304 1169 380 1218 brevis
394 1205 401 1228 ,
414 1171 484 1218 breve
496 1169 596 1217 rostrum
611 1187 618 1226 3
631 1183 698 1233 turpe
708 1168 746 1216 vel
757 1167 809 1232 ipei
878 1176 881 1180 ’

159 1241 224 1294 Mole
239 1263 329 1313 caput,
343 1245 448 1298 demillae
463 1265 527 1297 aures
540 1285 548 1307 ‚
561 1250 697 1313 hirsutaque
714 1245 777 1296 villis

159 1316 264 1379 leuiora,
275 1338 328 1385 pes,
341 1325 451 1382 humeri,
463 1323 553 1372 collum
565 1360 573 1382 ,
585 1323 646 1372 latus
656 1359 664 1380 ‚
676 1324 757 1370 omnia
770 1324 849 1380 velit'3

159 1394 219 1456 Quin
236 1400 307 1446 etiam
321 1398 388 1447 vasto
404 1398 487 1464 procul
502 1401 596 1448 intonat
613 1416 654 1447 ore
669 1396 802 1457 molossus,
877 1452 880 1456 A

158 1473 296 1544 latratuque
310 1481 374 1544 ptius
387 1514 394 1537 ‚
407 1494 459 1527 tum
475 1481 527 1527 visu
545 1493 637 1538 terret,
652 1482 677 1527 in
687 1481 737 1526 ima

159 1554 230 1622 Terga
248 1557 347 1618 sedent,
363 1557 445 1609 dentes
461 1561 520 1608 rillu
532 1557 552 1608 si'
562 1557 658 1625 quando
675 1560 786 1606 trementi

159 1631 235 1687 Nudat
247 1641 328 1700 hians,
341 1639 469 1707 clausoque
483 1643 559 1690 minas
575 1641 742 1688 obmurmurat
752 1651 802 1685 ore.

187 1709 325 1764 Datnatura
336 1713 434 1781 quidem
445 1730 543 1773 ,tamen
554 1716 639 1763 arelior
649 1715 693 1763 bos
701 1727 796 1779 quoque
806 1724 886 1760 moret

157 1784 284 1853 Disciplina
295 1790 356 1840 facit
367 1807 375 1850 3
388 1793 479 1840 vinetus
493 1788 509 1839 si
524 1789 586 1840 colla
599 1792 688 1839 tarenis

157 1862 214 1915 Ante
225 1867 287 1918 sores
304 1874 383 1934 jacet,
396 1874 420 1920 &
434 1871 519 1921 latratu
535 1873 600 1920 sevit
610 1874 691 1929 inani,

157 1940 266 2006 Supremo
278 1943 338 1995 dum
354 1945 402 1996 sole
416 1944 501 1997 domos
518 1950 541 1997 δι
557 1945 631 1999 ovilia
644 1945 703 1996 liber

157 2014 311 2080 circumeat,
325 2020 422 2087 lateque
437 2038 528 2071 metum
545 2038 601 2071 cum
615 2038 675 2071 voce
688 2018 830 2087 pronuntiat,
875 2009 880 2032 '

115 2100 116 2105 ’
157 2088 278 2157 Ingenium
292 2110 376 2145 tamen
389 2092 434 2145 else
450 2095 518 2146 decet
530 2114 574 2147 nec
589 2094 754 2162 miuus,ips1s

157 2166 249 2217 furibus
259 2186 286 2218 ut
297 2185 381 2235 parcat
391 2188 398 2229 3
410 2188 486 2236 neque
498 2174 585 2222 saevum
598 2208 606 2232 ,
618 2188 645 2221 ut
657 2170 774 2221 morsibus
786 2170 860 2220 ultro·
875 2172 879 2184 ¹

156 2245 253 2311 Appetat
265 2251 377 2299 incautos
389 2285 397 2310 ,
410 2254 550 2303 &amicum
566 2250 664 2302 invadat
677 2254 701 2301 δι
712 2249 813 2300 bollem.
873 2258 882 2265 ‘

184 2322 273 2375 Blanda
282 2342 360 2377 venus
376 2328 472 2377 canibus
487 2345 536 2377 non
550 2324 712 2392 permittenda
726 2324 842 2382 tenellis;
876 2372 881 2377 .

156 2396 300 2470 Pulcliraque
314 2404 406 2454 furtivo
420 2404 438 2453 fi
450 2405 550 2453 femina
562 2402 632 2453 cedat
647 2406 740 2461 amori,

154 2474 262 2528 Materno
280 2484 374 2545 primos
390 2479 453 2528 clam
471 2480 551 2529 Pallor
565 2481 595 2529 ab
611 2480 682 2529 ubere
699 2494 779 2545 partus

155 2550 268 2603 Amov'eat
279 2573 285 2602 ε
298 2570 378 2618 neque
391 2558 455 2603 enim
471 2558 531 2604 reue
546 2555 664 2605 tiruncula
677 2554 771 2621 prolem

154 2623 261 2688 Educat,
274 2632 397 2695 &primis
412 2629 490 2680 infans
502 2632 542 2679 ubi
559 2646 634 2679 mater
647 2631 676 2680 ab
687 2634 754 2680 annis

154 2700 255 2754 Lauavir
265 2741 273 2763 ,
284 2706 365 2755 vastos
380 2710 429 2770 jam
443 2722 493 2756 non
506 2708 618 2756 excrescit
631 2709 656 2754 in
671 2721 744 2755 artus.
802 2753 807 2760 ,

184 2780 286 2833 Amillos
298 2785 411 2853 quamvis
421 2798 511 2848 repetat
521 2782 670 2850 queribunda
681 2782 779 2832 catellos
793 2818 803 2843 ,

154 2857 194 2909 Nil
205 2865 316 2912 miserere
326 2881 332 2911 r
343 2862 425 2912 breves
436 2864 499 2919 cauit
511 2876 565 2910 atos
575 2860 618 2909 illa
629 2859 741 2919 dolores,

154 2936 202 2987 Nec
217 2939 322 3006 longum
335 2941 447 2988 meminit
459 2954 538 3003 raptos
551 2955 578 2987 ex
593 2938 663 2987 ubere
675 2936 766 2996 fertus,

153 3008 217 3066 Dum
230 3016 304 3069 liceat
316 3014 361 3067 fibi
372 3030 429 3065 cum
438 3014 539 3090 paribus·
548 3010 671 3065 colludere
681 3046 690 3075 2
702 3011 783 3063 cursus
