2359 3975
339 493 407 568 ¹94
479 470 674 540 Pnanrr
699 467 910 540 Rusrrcr

363 591 414 640 Uni
430 588 498 654 plura
512 586 580 636 simul
596 585 741 635 mandentur
757 587 848 637 semina
866 586 950 649 folin
1008 610 1012 614 ·

330 667 396 720 Nam
411 684 486 733 neque
503 671 538 716 vis
552 663 636 714 eadem
651 669 742 715 curuis
758 666 792 714 eii
808 665 880 716 insita
895 673 981 732 glanis.

329 749 445 802 Matetnae
462 749 504 811 qui
518 744 581 793 solur
598 747 666 794 humi
682 745 827 810 superaverit
840 749 935 806 haret,

330 829 355 876 Si
371 828 459 876 nimius
474 826 536 872 succi
551 839 614 888 pepo
629 821 727 872 caudice
743 823 839 888 longior
854 841 905 873 uno

329 900 468 960 Funditur,
482 896 603 948 interdum
618 897 690 947 molli
706 912 778 962 caput
794 915 874 964 ungue
890 914 981 964 putator

327 979 462 1038 Demetat,
480 982 505 1028 bc
521 976 599 1045 primi
614 977 698 1026 luxum
712 979 852 1042 compescat
865 980 980 1028 inberbi.

328 1055 394 1106 Tum
405 1057 485 1124 digitis
497 1072 583 1107 terram
596 1071 657 1105 terat
668 1075 676 1114 3
690 1061 715 1104 bc
727 1072 780 1122 quae
790 1058 889 1121 pesiima
898 1061 981 1106 circum

326 1135 439 1184 Nascitur
455 1135 547 1194 herba,
564 1149 637 1182 manu
655 1133 727 1182 tollat
745 1132 857 1198 ferroque
872 1134 979 1190 bicorui;

325 1209 378 1261 Nec
395 1211 463 1274 super
478 1206 587 1257 effundat
604 1208 683 1272 largos
700 1208 821 1271 aspergine
835 1223 916 1256 roret:

325 1283 489 1348 languentem
504 1285 593 1332 vitiant
607 1281 712 1346 lympha
727 1285 840 1346 contagia
854 1280 971 1330 frondem.

358 1359 462 1422 irriguos
478 1358 567 1422 peponi
583 1355 619 1404 fat
634 1355 668 1404 est
683 1353 795 1404 iuducere
812 1355 914 1416 fontes,

323 1431 409 1483 Donec
425 1436 451 1482 in
466 1431 601 1496 oblongum
618 1428 725 1480 tumidus
740 1428 896 1495 grandescere
911 1449 1005 1482 ventrem

323 1511 427 1576 Incipiat
442 1528 449 1559 t
467 1507 523 1558 dein
539 1513 563 1556 δι
578 1506 648 1567 sitis,
666 1507 789 1572 aeiiivique
803 1507 897 1564 calores

323 1592 392 1642 Dant
402 1593 505 1658 pretium
515 1607 522 1647 3
536 1602 616 1637 tamen
626 1589 751 1636 exsuccam
760 1589 903 1637 miserabere
913 1589 1020 1654 plantam,

324 1673 349 1720 Si
363 1683 451 1737 coquat
468 1682 559 1718 arentes
575 1668 656 1715 insana
667 1665 786 1716 Canicula
800 1667 892 1732 glebae.

323 1747 370 1798 Sed
382 1767 438 1798 cave
450 1764 479 1797 ne
491 1746 593 1797 fluidum
604 1763 666 1812 pepo
676 1751 765 1796 cortice
775 1748 901 1796 combibat
911 1749 1004 1798 imbrem
1013 1763 1026 1792 ι.

323 1827 416 1892 Tegula
432 1828 575 1891 subjicitur,
595 1826 671 1875 solem
684 1842 737 1892 quae
753 1825 816 1876 sicca
831 1825 948 1876 reflexum

321 1903 434 1968 Augeat,
452 1907 477 1951 δι
493 1917 559 1951 terra
573 1906 657 1952 nocuis
675 1902 793 1952 afflatibus
806 1902 893 1953 obstet.

354 1979 430 2029 Duxit
445 1980 485 2028 ubi
501 1996 599 2029 croceos
614 1979 685 2045 pellis
700 1981 785 2045 rugosa
800 1980 917 2043 colores,

320 2056 420 2122 Jamque
435 2049 556 2105 relicturus
571 2056 679 2122 plantam
695 2055 831 2121 dirumpere
846 2060 942 2109 collum

319 2129 413 2181 Nititur
429 2132 477 2195 ipse
494 2146 556 2195 pepo
569 2147 576 2189 5
593 2130 699 2179 cultrum
713 2131 839 2196 suppone,
856 2137 993 2201 priusquam

319 2208 447 2269 Marceat,
465 2212 490 2258 &
506 2211 572 2257 terris
587 2209 707 2272 putrescat
720 2208 805 2258 inutile
818 2209 924 2274 pondus.

319 2286 391 2337 Hune
407 2286 481 2352 legito
494 2289 535 2352 qui
553 2284 618 2333 mole
633 2286 732 2349 gmvir,
747 2300 801 2334 cute
816 2284 909 2348 durus,
924 2294 949 2341 δι
962 2308 1014 2341 auro

320 2358 446 2415 Concolor
462 2364 514 2426 est,
530 2364 644 2431 gustuque
659 2364 732 2414 refert
745 2364 862 2415 &odore
877 2368 985 2431 Lyaeum.

318 2444 378 2492 Non
395 2444 441 2493 alia
457 2444 490 2491 est
505 2447 611 2493 cucumis
626 2444 740 2495 cultata:
757 2448 883 2497 cucurbita
896 2449 955 2498 cmli

317 2520 431 2569 Difficilis
449 2524 539 2584 patiens
555 2524 634 2569 minus
650 2522 684 2569 eli
699 2523 804 2571 obnoxia
821 2539 893 2575 cura.

350 2594 444 2645 Caetera
459 2610 511 2660 quae
527 2596 609 2665 passim
625 2598 752 2646 nascuntur
766 2597 895 2660 oluscula,
913 2603 982 2651 versu

318 2670 385 2737 Quid
395 2678 544 2725 memorem?
556 2674 573 2724 fi
584 2679 679 2742 pinguis
689 2692 758 2743 ager,
770 2676 786 2725 fi
797 2677 903 2742 plurima
913 2681 1013 2745 lympha

316 2750 415 2817 copim
431 2764 481 2799 non
497 2765 609 2815 tempus,
625 2766 676 2801 nou
691 2749 817 2817 disciplina
832 2753 927 2805 serendi

316 2830 438 2891 Quaritur
451 2829 500 2879 ulla
515 2848 521 2877 ι
537 2828 580 2887 libi
596 2829 666 2878 tellnr
683 2830 718 2879 nil
735 2828 818 2895 indiga
833 2832 911 2882 nostri

318 2904 429 2965 Sufficit,
448 2919 475 2953 ut
490 2904 554 2968 larga
570 2900 632 2953 diter
646 2902 756 2953 mercede
769 2904 901 2957 colonum.

351 2982 369 3030 F
370 3000 424 3048 raga
440 2997 537 3042 tamen,
553 2984 706 3050 cinctamque
716 2988 782 3048 juvat
791 3001 911 3050 purgare,
922 2982 1010 3037 revulsi

318 3056 388 3107 Prole
397 3094 404 3123 ,
414 3060 480 3115 suam
495 3062 584 3111 circum
600 3060 697 3111 ituricat
710 3076 764 3129 qua
778 3061 885 3129 plurima
897 3079 1003 3115 matrem·
