<?xml version="1.0" encoding="UTF-8"?>
<!DOCTYPE html PUBLIC "-//W3C//DTD XHTML 1.0 Transitional//EN"
    "http://www.w3.org/TR/xhtml1/DTD/xhtml1-transitional.dtd">
<html xmlns="http://www.w3.org/1999/xhtml" xml:lang="en" lang="en">
 <head>
  <title>
</title>
<meta http-equiv="Content-Type" content="text/html;charset=utf-8" />
  <meta name='ocr-system' content='tesseract 3.04.00' />
  <meta name='ocr-capabilities' content='ocr_page ocr_carea ocr_par ocr_line ocrx_word'/>
</head>
<body>
  <div class='ocr_page' id='page_1' title='image "./jacobivanieriip00vanigoog/jacobivanieriip00vanigoog_0112.png"; bbox 0 0 2359 3975; ppageno 0'>
   <div class='ocr_carea' id='block_1_1' title="bbox 144 451 898 3104">
    <p class='ocr_par' dir='ltr' id='par_1_1' title="bbox 144 451 875 1014">
     <span class='ocr_line' id='line_1_1' title="bbox 336 451 875 562; baseline 0.028 -42"><span class='ocrx_word' id='word_1_1' title='bbox 336 451 364 520; x_wconf 87' lang='lat' dir='ltr'><em>L</em></span> <span class='ocrx_word' id='word_1_2' title='bbox 386 469 404 520; x_wconf 88' lang='lat'><em>1</em></span> <span class='ocrx_word' id='word_1_3' title='bbox 427 471 455 524; x_wconf 77' lang='lat' dir='ltr'>r</span> <span class='ocrx_word' id='word_1_4' title='bbox 480 476 506 526; x_wconf 74' lang='lat' dir='ltr'>n</span> <span class='ocrx_word' id='word_1_5' title='bbox 528 475 555 526; x_wconf 80' lang='lat' dir='ltr'>rt</span> <span class='ocrx_word' id='word_1_6' title='bbox 594 459 695 530; x_wconf 86' lang='lat'><em>111.</em></span> <span class='ocrx_word' id='word_1_7' title='bbox 830 465 875 562; x_wconf 80' lang='lat'>⁶5</span> 
     </span>
     <span class='ocr_line' id='line_1_2' title="bbox 145 567 776 654; baseline 0.021 -36"><span class='ocrx_word' id='word_1_8' title='bbox 145 567 177 620; x_wconf 83' lang='lat' dir='ltr'>Et</span> <span class='ocrx_word' id='word_1_9' title='bbox 189 569 265 636; x_wconf 71' lang='lat' dir='ltr'>paleis</span> <span class='ocrx_word' id='word_1_10' title='bbox 282 572 358 620; x_wconf 81' lang='lat' dir='ltr'>etiarn</span> <span class='ocrx_word' id='word_1_11' title='bbox 371 570 471 636; x_wconf 73' lang='lat' dir='ltr'>glisei13</span> <span class='ocrx_word' id='word_1_12' title='bbox 487 590 564 642; x_wconf 89' lang='lat' dir='ltr'>neque</span> <span class='ocrx_word' id='word_1_13' title='bbox 580 580 650 630; x_wconf 80' lang='lat' dir='ltr'>notit</span> <span class='ocrx_word' id='word_1_14' title='bbox 663 583 750 630; x_wconf 84' lang='lat' dir='ltr'>inertes</span> <span class='ocrx_word' id='word_1_15' title='bbox 761 615 776 654; x_wconf 70' lang='lat'>2.</span> 
     </span>
     <span class='ocr_line' id='line_1_3' title="bbox 145 645 771 714; baseline 0.018 -18"><span class='ocrx_word' id='word_1_16' title='bbox 145 645 194 708; x_wconf 86' lang='lat' dir='ltr'>Qui</span> <span class='ocrx_word' id='word_1_17' title='bbox 208 651 305 714; x_wconf 79' lang='lat' dir='ltr'>majora</span> <span class='ocrx_word' id='word_1_18' title='bbox 321 646 399 696; x_wconf 86' lang='lat' dir='ltr'>solent</span> <span class='ocrx_word' id='word_1_19' title='bbox 415 665 521 700; x_wconf 66' lang='lat' dir='ltr'>ammte</span> <span class='ocrx_word' id='word_1_20' title='bbox 536 652 648 704; x_wconf 85' lang='lat' dir='ltr'>invadere</span> <span class='ocrx_word' id='word_1_21' title='bbox 661 658 771 706; x_wconf 89' lang='lat' dir='ltr'>morbos.</span> 
     </span>
     <span class='ocr_line' id='line_1_4' title="bbox 145 719 862 797; baseline 0.015 -27"><span class='ocrx_word' id='word_1_22' title='bbox 145 719 203 771; x_wconf 85' lang='lat' dir='ltr'>Non</span> <span class='ocrx_word' id='word_1_23' title='bbox 210 739 314 787; x_wconf 82' lang='lat' dir='ltr'>operum</span> <span class='ocrx_word' id='word_1_24' title='bbox 323 738 404 773; x_wconf 71' lang='lat' dir='ltr'>tamen</span> <span class='ocrx_word' id='word_1_25' title='bbox 412 723 460 774; x_wconf 75' lang='lat' dir='ltr'>ulla</span> <span class='ocrx_word' id='word_1_26' title='bbox 468 731 533 792; x_wconf 84' lang='lat' dir='ltr'>quies</span> <span class='ocrx_word' id='word_1_27' title='bbox 542 746 548 776; x_wconf 85' lang='lat' dir='ltr'>t</span> <span class='ocrx_word' id='word_1_28' title='bbox 556 745 614 778; x_wconf 86' lang='lat' dir='ltr'>nam</span> <span class='ocrx_word' id='word_1_29' title='bbox 620 727 772 797; x_wconf 89' lang='lat' dir='ltr'>quidquidin</span> <span class='ocrx_word' id='word_1_30' title='bbox 779 732 862 782; x_wconf 87' lang='lat' dir='ltr'>urbem</span> 
     </span>
     <span class='ocr_line' id='line_1_5' title="bbox 144 795 780 859; baseline 0.016 -15"><span class='ocrx_word' id='word_1_31' title='bbox 144 795 191 845; x_wconf 81' lang='lat' dir='ltr'>Vel</span> <span class='ocrx_word' id='word_1_32' title='bbox 206 798 251 844; x_wconf 91' lang='lat' dir='ltr'>sub</span> <span class='ocrx_word' id='word_1_33' title='bbox 267 797 328 845; x_wconf 73' lang='lat' dir='ltr'>tesia</span> <span class='ocrx_word' id='word_1_34' title='bbox 344 796 440 859; x_wconf 84' lang='lat' dir='ltr'>fetant,</span> <span class='ocrx_word' id='word_1_35' title='bbox 456 801 595 854; x_wconf 72' lang='lat' dir='ltr'>miserande</span> <span class='ocrx_word' id='word_1_36' title='bbox 610 806 679 854; x_wconf 88' lang='lat' dir='ltr'>sortis</span> <span class='ocrx_word' id='word_1_37' title='bbox 695 806 780 856; x_wconf 72' lang='lat' dir='ltr'>asellus</span> 
     </span>
     <span class='ocr_line' id='line_1_6' title="bbox 145 870 814 947; baseline 0.022 -28"><span class='ocrx_word' id='word_1_38' title='bbox 145 873 243 938; x_wconf 73' lang='lat' dir='ltr'>Semper</span> <span class='ocrx_word' id='word_1_39' title='bbox 254 870 320 922; x_wconf 83' lang='lat' dir='ltr'>adest</span> <span class='ocrx_word' id='word_1_40' title='bbox 332 908 340 934; x_wconf 88' lang='lat'><strong>,</strong></span> <span class='ocrx_word' id='word_1_41' title='bbox 353 891 452 927; x_wconf 85' lang='lat' dir='ltr'>omnem</span> <span class='ocrx_word' id='word_1_42' title='bbox 468 881 509 945; x_wconf 87' lang='lat' dir='ltr'>qui</span> <span class='ocrx_word' id='word_1_43' title='bbox 520 881 593 930; x_wconf 82' lang='lat' dir='ltr'>sessile</span> <span class='ocrx_word' id='word_1_44' title='bbox 604 881 695 947; x_wconf 71' lang='lat' dir='ltr'>prestet</span> <span class='ocrx_word' id='word_1_45' title='bbox 709 886 734 932; x_wconf 93' lang='lat' dir='ltr'>in</span> <span class='ocrx_word' id='word_1_46' title='bbox 745 885 814 933; x_wconf 85' lang='lat' dir='ltr'>usum</span> 
     </span>
     <span class='ocr_line' id='line_1_7' title="bbox 145 949 709 1014; baseline 0.012 -16"><span class='ocrx_word' id='word_1_47' title='bbox 145 949 238 1014; x_wconf 81' lang='lat' dir='ltr'>Tetgus</span> <span class='ocrx_word' id='word_1_48' title='bbox 253 952 278 1000; x_wconf 74' lang='lat' dir='ltr'>dt</span> <span class='ocrx_word' id='word_1_49' title='bbox 295 952 385 1001; x_wconf 85' lang='lat' dir='ltr'><strong>immiti</strong></span> <span class='ocrx_word' id='word_1_50' title='bbox 401 950 495 1004; x_wconf 82' lang='lat' dir='ltr'>duratas</span> <span class='ocrx_word' id='word_1_51' title='bbox 512 957 609 1006; x_wconf 87' lang='lat' dir='ltr'>verbere</span> <span class='ocrx_word' id='word_1_52' title='bbox 625 957 709 1007; x_wconf 73' lang='lat' dir='ltr'>collas.</span> 
     </span>
    </p>

    <p class='ocr_par' dir='ltr' id='par_1_2' title="bbox 145 1030 845 1483">
     <span class='ocr_line' id='line_1_8' title="bbox 175 1030 833 1096; baseline 0.017 -18"><span class='ocrx_word' id='word_1_53' title='bbox 175 1030 307 1093; x_wconf 84' lang='lat' dir='ltr'>Mancipiis</span> <span class='ocrx_word' id='word_1_54' title='bbox 323 1044 403 1079; x_wconf 81' lang='lat' dir='ltr'>autem</span> <span class='ocrx_word' id='word_1_55' title='bbox 419 1047 488 1082; x_wconf 69' lang='lat' dir='ltr'>naurs</span> <span class='ocrx_word' id='word_1_56' title='bbox 506 1032 561 1084; x_wconf 72' lang='lat' dir='ltr'>licit</span> <span class='ocrx_word' id='word_1_57' title='bbox 575 1034 618 1084; x_wconf 92' lang='lat' dir='ltr'>ille</span> <span class='ocrx_word' id='word_1_58' title='bbox 634 1030 770 1096; x_wconf 74' lang='lat' dir='ltr'>vehendis,</span> <span class='ocrx_word' id='word_1_59' title='bbox 830 1037 833 1040; x_wconf 74' lang='grc'><strong>’</strong></span> 
     </span>
     <span class='ocr_line' id='line_1_9' title="bbox 146 1105 845 1178; baseline 0.013 -23"><span class='ocrx_word' id='word_1_60' title='bbox 146 1105 249 1156; x_wconf 71' lang='lat' dir='ltr'>Gellius</span> <span class='ocrx_word' id='word_1_61' title='bbox 259 1109 286 1154; x_wconf 78' lang='grc' dir='ltr'>δι</span> <span class='ocrx_word' id='word_1_62' title='bbox 294 1105 428 1167; x_wconf 81' lang='lat' dir='ltr'>Dominae,</span> <span class='ocrx_word' id='word_1_63' title='bbox 439 1111 505 1175; x_wconf 81' lang='lat' dir='ltr'>queis</span> <span class='ocrx_word' id='word_1_64' title='bbox 515 1109 624 1162; x_wconf 88' lang='lat' dir='ltr'>nondum</span> <span class='ocrx_word' id='word_1_65' title='bbox 635 1111 710 1178; x_wconf 79' lang='lat' dir='ltr'>prisca</span> <span class='ocrx_word' id='word_1_66' title='bbox 720 1129 845 1178; x_wconf 81' lang='lat' dir='ltr'>parenmm</span> 
     </span>
     <span class='ocr_line' id='line_1_10' title="bbox 148 1179 800 1255; baseline 0.015 -24"><span class='ocrx_word' id='word_1_67' title='bbox 148 1182 297 1248; x_wconf 76' lang='lat' dir='ltr'>Simplicitas</span> <span class='ocrx_word' id='word_1_68' title='bbox 312 1179 371 1232; x_wconf 90' lang='lat' dir='ltr'>odio</span> <span class='ocrx_word' id='word_1_69' title='bbox 386 1183 419 1232; x_wconf 87' lang='lat' dir='ltr'>est</span> <span class='ocrx_word' id='word_1_70' title='bbox 436 1201 443 1233; x_wconf 76' lang='lat' dir='ltr'>e</span> <span class='ocrx_word' id='word_1_71' title='bbox 460 1185 538 1236; x_wconf 73' lang='lat' dir='ltr'>stridio</span> <span class='ocrx_word' id='word_1_72' title='bbox 554 1205 606 1238; x_wconf 90' lang='lat' dir='ltr'>non</span> <span class='ocrx_word' id='word_1_73' title='bbox 621 1206 665 1239; x_wconf 81' lang='lat' dir='ltr'>ota</span> <span class='ocrx_word' id='word_1_74' title='bbox 679 1190 800 1255; x_wconf 82' lang='lat' dir='ltr'>capistro,</span> 
     </span>
     <span class='ocr_line' id='line_1_11' title="bbox 146 1256 790 1333; baseline 0.014 -25"><span class='ocrx_word' id='word_1_75' title='bbox 146 1257 197 1308; x_wconf 80' lang='lat' dir='ltr'>Sed&#39;</span> <span class='ocrx_word' id='word_1_76' title='bbox 210 1259 302 1309; x_wconf 84' lang='lat' dir='ltr'>levibus</span> <span class='ocrx_word' id='word_1_77' title='bbox 318 1256 415 1310; x_wconf 69' lang='lat' dir='ltr'>fletiunt</span> <span class='ocrx_word' id='word_1_78' title='bbox 430 1263 523 1328; x_wconf 76' lang='lat' dir='ltr'>virgis3</span> <span class='ocrx_word' id='word_1_79' title='bbox 540 1263 663 1331; x_wconf 84' lang='lat' dir='ltr'>sfinusque</span> <span class='ocrx_word' id='word_1_80' title='bbox 678 1266 790 1333; x_wconf 79' lang='lat' dir='ltr'>superbus</span> 
     </span>
     <span class='ocr_line' id='line_1_12' title="bbox 147 1335 775 1410; baseline 0.019 -25"><span class='ocrx_word' id='word_1_81' title='bbox 147 1337 243 1385; x_wconf 77' lang='lat' dir='ltr'>Auratis</span> <span class='ocrx_word' id='word_1_82' title='bbox 257 1335 359 1400; x_wconf 83' lang='lat' dir='ltr'><strong>phaleris</strong></span> <span class='ocrx_word' id='word_1_83' title='bbox 374 1352 445 1406; x_wconf 81' lang='lat' dir='ltr'>atque</span> <span class='ocrx_word' id='word_1_84' title='bbox 459 1342 511 1406; x_wconf 80' lang='lat' dir='ltr'>ipso</span> <span class='ocrx_word' id='word_1_85' title='bbox 527 1340 651 1407; x_wconf 86' lang='lat' dir='ltr'>pondere,</span> <span class='ocrx_word' id='word_1_86' title='bbox 668 1359 775 1410; x_wconf 69' lang='lat' dir='ltr'>creptum</span> 
     </span>
     <span class='ocr_line' id='line_1_13' title="bbox 145 1411 826 1483; baseline 0.016 -21"><span class='ocrx_word' id='word_1_87' title='bbox 145 1411 224 1478; x_wconf 79' lang='lat' dir='ltr'>Urget</span> <span class='ocrx_word' id='word_1_88' title='bbox 241 1415 306 1473; x_wconf 88' lang='lat' dir='ltr'>iter,</span> <span class='ocrx_word' id='word_1_89' title='bbox 325 1413 400 1465; x_wconf 81' lang='lat' dir='ltr'>lentas</span> <span class='ocrx_word' id='word_1_90' title='bbox 416 1432 459 1465; x_wconf 87' lang='lat' dir='ltr'>nec</span> <span class='ocrx_word' id='word_1_91' title='bbox 473 1420 522 1483; x_wconf 80' lang='lat' dir='ltr'>jam</span> <span class='ocrx_word' id='word_1_92' title='bbox 539 1419 622 1470; x_wconf 80' lang='lat' dir='ltr'>movet</span> <span class='ocrx_word' id='word_1_93' title='bbox 636 1420 735 1472; x_wconf 83' lang='lat' dir='ltr'>indecor</span> <span class='ocrx_word' id='word_1_94' title='bbox 750 1439 826 1473; x_wconf 80' lang='lat' dir='ltr'>antes.</span> 
     </span>
    </p>

    <p class='ocr_par' dir='ltr' id='par_1_3' title="bbox 144 1492 838 2180">
     <span class='ocr_line' id='line_1_14' title="bbox 175 1492 768 1561; baseline 0.013 -21"><span class='ocrx_word' id='word_1_95' title='bbox 175 1493 243 1556; x_wconf 80' lang='lat' dir='ltr'>Saepe</span> <span class='ocrx_word' id='word_1_96' title='bbox 259 1492 294 1540; x_wconf 89' lang='lat' dir='ltr'>sui</span> <span class='ocrx_word' id='word_1_97' title='bbox 311 1505 393 1542; x_wconf 86' lang='lat' dir='ltr'>tamen</span> <span class='ocrx_word' id='word_1_98' title='bbox 411 1493 521 1555; x_wconf 87' lang='lat' dir='ltr'>oblitus,</span> <span class='ocrx_word' id='word_1_99' title='bbox 536 1496 683 1561; x_wconf 75' lang='lat' dir='ltr'>petulantior</span> <span class='ocrx_word' id='word_1_100' title='bbox 699 1497 768 1548; x_wconf 77' lang='lat' dir='ltr'>ahdit</span> 
     </span>
     <span class='ocr_line' id='line_1_15' title="bbox 146 1567 804 1641; baseline 0.011 -23"><span class='ocrx_word' id='word_1_101' title='bbox 146 1567 212 1618; x_wconf 85' lang='lat' dir='ltr'>luter</span> <span class='ocrx_word' id='word_1_102' title='bbox 230 1585 307 1633; x_wconf 82' lang='lat' dir='ltr'>genua</span> <span class='ocrx_word' id='word_1_103' title='bbox 324 1584 415 1635; x_wconf 73' lang='lat' dir='ltr'>ceput3</span> <span class='ocrx_word' id='word_1_104' title='bbox 431 1569 501 1620; x_wconf 81' lang='lat' dir='ltr'>fimul</span> <span class='ocrx_word' id='word_1_105' title='bbox 515 1576 541 1621; x_wconf 71' lang='grc' dir='ltr'>δι</span> <span class='ocrx_word' id='word_1_106' title='bbox 559 1571 652 1623; x_wconf 77' lang='lat' dir='ltr'>sinuosa</span> <span class='ocrx_word' id='word_1_107' title='bbox 667 1591 804 1641; x_wconf 80' lang='lat' dir='ltr'>retorquens</span> 
     </span>
     <span class='ocr_line' id='line_1_16' title="bbox 146 1645 838 1711; baseline 0.009 -15"><span class='ocrx_word' id='word_1_108' title='bbox 146 1645 261 1696; x_wconf 79' lang='lat' dir='ltr'>Membra</span> <span class='ocrx_word' id='word_1_109' title='bbox 270 1663 357 1711; x_wconf 78' lang='lat' dir='ltr'>procax</span> <span class='ocrx_word' id='word_1_110' title='bbox 368 1681 377 1707; x_wconf 85' lang='lat'>,</span> <span class='ocrx_word' id='word_1_111' title='bbox 392 1645 491 1697; x_wconf 89' lang='lat' dir='ltr'>dorsum</span> <span class='ocrx_word' id='word_1_112' title='bbox 502 1665 585 1700; x_wconf 88' lang='lat' dir='ltr'>movet</span> <span class='ocrx_word' id='word_1_113' title='bbox 594 1654 620 1700; x_wconf 92' lang='lat' dir='ltr'>in</span> <span class='ocrx_word' id='word_1_114' title='bbox 630 1652 731 1702; x_wconf 89' lang='lat' dir='ltr'>sublime</span> <span class='ocrx_word' id='word_1_115' title='bbox 743 1687 752 1711; x_wconf 95' lang='lat'><strong><em>,</em></strong></span> <span class='ocrx_word' id='word_1_116' title='bbox 768 1652 838 1702; x_wconf 84' lang='lat' dir='ltr'>sedili</span> 
     </span>
     <span class='ocr_line' id='line_1_17' title="bbox 145 1724 830 1795; baseline 0.009 -20"><span class='ocrx_word' id='word_1_117' title='bbox 145 1724 276 1775; x_wconf 79' lang='lat' dir='ltr'>Excutiens</span> <span class='ocrx_word' id='word_1_118' title='bbox 293 1727 418 1791; x_wconf 85' lang='lat' dir='ltr'>equitem,</span> <span class='ocrx_word' id='word_1_119' title='bbox 437 1742 508 1776; x_wconf 84' lang='lat' dir='ltr'>coeno</span> <span class='ocrx_word' id='word_1_120' title='bbox 524 1743 597 1793; x_wconf 89' lang='lat' dir='ltr'>quem</span> <span class='ocrx_word' id='word_1_121' title='bbox 614 1732 742 1795; x_wconf 74' lang='lat' dir='ltr'>mergitis</span> <span class='ocrx_word' id='word_1_122' title='bbox 757 1729 830 1790; x_wconf 72' lang='lat' dir='ltr'>nlto‘,</span> 
     </span>
     <span class='ocr_line' id='line_1_18' title="bbox 144 1800 773 1873; baseline 0.008 -20"><span class='ocrx_word' id='word_1_123' title='bbox 144 1801 303 1869; x_wconf 75' lang='lat' dir='ltr'>Accitamque</span> <span class='ocrx_word' id='word_1_124' title='bbox 316 1800 402 1852; x_wconf 80' lang='lat' dir='ltr'>rudens</span> <span class='ocrx_word' id='word_1_125' title='bbox 416 1818 489 1854; x_wconf 79' lang='lat' dir='ltr'>vocat</span> <span class='ocrx_word' id='word_1_126' title='bbox 505 1801 537 1854; x_wconf 78' lang='lat' dir='ltr'>ad</span> <span class='ocrx_word' id='word_1_127' title='bbox 552 1803 655 1856; x_wconf 73' lang='lat' dir='ltr'>ludibria</span> <span class='ocrx_word' id='word_1_128' title='bbox 670 1806 773 1873; x_wconf 82' lang='lat' dir='ltr'>piebem.</span> 
     </span>
     <span class='ocr_line' id='line_1_19' title="bbox 145 1877 703 1946; baseline 0.005 -15"><span class='ocrx_word' id='word_1_129' title='bbox 145 1878 273 1931; x_wconf 82' lang='lat' dir='ltr'>Interdum</span> <span class='ocrx_word' id='word_1_130' title='bbox 291 1878 372 1930; x_wconf 74' lang='lat' dir='ltr'>medii</span> <span class='ocrx_word' id='word_1_131' title='bbox 389 1877 500 1931; x_wconf 72' lang='lat' dir='ltr'>sessorem</span> <span class='ocrx_word' id='word_1_132' title='bbox 517 1880 608 1934; x_wconf 87' lang='lat' dir='ltr'>detinet</span> <span class='ocrx_word' id='word_1_133' title='bbox 625 1884 703 1946; x_wconf 80' lang='lat' dir='ltr'>urbe3</span> 
     </span>
     <span class='ocr_line' id='line_1_20' title="bbox 144 1954 773 2028; baseline 0.005 -20"><span class='ocrx_word' id='word_1_134' title='bbox 144 1955 177 2008; x_wconf 77' lang='lat' dir='ltr'>Et</span> <span class='ocrx_word' id='word_1_135' title='bbox 194 1957 272 2007; x_wconf 80' lang='lat' dir='ltr'>luteos</span> <span class='ocrx_word' id='word_1_136' title='bbox 288 1954 354 2007; x_wconf 84' lang='lat' dir='ltr'>rodit</span> <span class='ocrx_word' id='word_1_137' title='bbox 369 1956 446 2007; x_wconf 79' lang='lat' dir='ltr'>caules</span> <span class='ocrx_word' id='word_1_138' title='bbox 462 1954 620 2027; x_wconf 77' lang='lat' dir='ltr'>frondemque</span> <span class='ocrx_word' id='word_1_139' title='bbox 636 1959 773 2028; x_wconf 76' lang='lat' dir='ltr'>salignam,</span> 
     </span>
     <span class='ocr_line' id='line_1_21' title="bbox 146 2033 733 2100; baseline 0.012 -15"><span class='ocrx_word' id='word_1_140' title='bbox 146 2033 280 2099; x_wconf 82' lang='lat' dir='ltr'>irrequieta</span> <span class='ocrx_word' id='word_1_141' title='bbox 293 2050 377 2099; x_wconf 75' lang='lat' dir='ltr'>perum</span> <span class='ocrx_word' id='word_1_142' title='bbox 392 2050 474 2085; x_wconf 80' lang='lat' dir='ltr'>curans</span> <span class='ocrx_word' id='word_1_143' title='bbox 490 2037 627 2089; x_wconf 78' lang='lat' dir='ltr'>hortamina</span> <span class='ocrx_word' id='word_1_144' title='bbox 642 2042 709 2092; x_wconf 80' lang='lat' dir='ltr'>votis</span> <span class='ocrx_word' id='word_1_145' title='bbox 720 2073 733 2100; x_wconf 89' lang='lat'><strong>,</strong></span> 
     </span>
     <span class='ocr_line' id='line_1_22' title="bbox 145 2108 683 2180; baseline 0.013 -23"><span class='ocrx_word' id='word_1_146' title='bbox 145 2109 298 2176; x_wconf 66' lang='lat' dir='ltr'>lniliiiasque</span> <span class='ocrx_word' id='word_1_147' title='bbox 315 2108 358 2159; x_wconf 79' lang='lat' dir='ltr'>sibi</span> <span class='ocrx_word' id='word_1_148' title='bbox 375 2108 468 2161; x_wconf 89' lang='lat' dir='ltr'>nodoso</span> <span class='ocrx_word' id='word_1_149' title='bbox 487 2114 573 2163; x_wconf 86' lang='lat' dir='ltr'>robore</span> <span class='ocrx_word' id='word_1_150' title='bbox 585 2114 683 2180; x_wconf 64' lang='lat' dir='ltr'>¹plagiis.</span> 
     </span>
    </p>

    <p class='ocr_par' dir='ltr' id='par_1_4' title="bbox 146 2184 845 2564">
     <span class='ocr_line' id='line_1_23' title="bbox 179 2184 843 2258; baseline 0.009 -21"><span class='ocrx_word' id='word_1_151' title='bbox 179 2186 251 2237; x_wconf 81' lang='lat' dir='ltr'>Mula</span> <span class='ocrx_word' id='word_1_152' title='bbox 259 2184 430 2246; x_wconf 67' lang='lat' dir='ltr'>inueneris,</span> <span class='ocrx_word' id='word_1_153' title='bbox 442 2192 545 2239; x_wconf 82' lang='lat' dir='ltr'>mixurm</span> <span class='ocrx_word' id='word_1_154' title='bbox 552 2206 626 2257; x_wconf 78' lang='lat' dir='ltr'>genus</span> <span class='ocrx_word' id='word_1_155' title='bbox 635 2224 644 2250; x_wconf 91' lang='lat'>,</span> <span class='ocrx_word' id='word_1_156' title='bbox 654 2206 725 2258; x_wconf 81' lang='lat' dir='ltr'>atque</span> <span class='ocrx_word' id='word_1_157' title='bbox 733 2191 843 2244; x_wconf 84' lang='lat' dir='ltr'>biformis</span> 
     </span>
     <span class='ocr_line' id='line_1_24' title="bbox 146 2264 800 2334; baseline 0.006 -19"><span class='ocrx_word' id='word_1_158' title='bbox 146 2264 293 2330; x_wconf 79' lang='lat' dir='ltr'>Progenies,</span> <span class='ocrx_word' id='word_1_159' title='bbox 309 2265 339 2331; x_wconf 73' lang='lat' dir='ltr'>alt</span> <span class='ocrx_word' id='word_1_160' title='bbox 353 2279 453 2331; x_wconf 89' lang='lat' dir='ltr'>utroque</span> <span class='ocrx_word' id='word_1_161' title='bbox 468 2266 540 2316; x_wconf 87' lang='lat' dir='ltr'>refert</span> <span class='ocrx_word' id='word_1_162' title='bbox 554 2267 672 2317; x_wconf 79' lang='lat' dir='ltr'>nonnulla</span> <span class='ocrx_word' id='word_1_163' title='bbox 685 2284 800 2334; x_wconf 80' lang='lat' dir='ltr'>parente:</span> 
     </span>
     <span class='ocr_line' id='line_1_25' title="bbox 146 2341 845 2412; baseline 0.004 -19"><span class='ocrx_word' id='word_1_164' title='bbox 146 2342 215 2393; x_wconf 80' lang='lat' dir='ltr'>Nam</span> <span class='ocrx_word' id='word_1_165' title='bbox 226 2344 318 2407; x_wconf 80' lang='lat' dir='ltr'>patiens</span> <span class='ocrx_word' id='word_1_166' title='bbox 327 2341 487 2405; x_wconf 78' lang='lat' dir='ltr'>operum‘est‚</span> <span class='ocrx_word' id='word_1_167' title='bbox 499 2347 524 2391; x_wconf 85' lang='lat'>&amp;</span> <span class='ocrx_word' id='word_1_168' title='bbox 534 2346 598 2391; x_wconf 74' lang='lat' dir='ltr'>vistu</span> <span class='ocrx_word' id='word_1_169' title='bbox 610 2360 697 2407; x_wconf 79' lang='lat' dir='ltr'>parca,</span> <span class='ocrx_word' id='word_1_170' title='bbox 708 2342 845 2412; x_wconf 80' lang='lat' dir='ltr'>pedumque</span> 
     </span>
     <span class='ocr_line' id='line_1_26' title="bbox 147 2416 721 2485; baseline -0.003 -14"><span class='ocrx_word' id='word_1_171' title='bbox 147 2418 288 2471; x_wconf 83' lang='lat' dir='ltr'>Mobilitate</span> <span class='ocrx_word' id='word_1_172' title='bbox 303 2421 388 2485; x_wconf 75' lang='lat' dir='ltr'>viget,</span> <span class='ocrx_word' id='word_1_173' title='bbox 406 2416 478 2468; x_wconf 92' lang='lat' dir='ltr'>dorso</span> <span class='ocrx_word' id='word_1_174' title='bbox 492 2436 537 2469; x_wconf 90' lang='lat' dir='ltr'>nec</span> <span class='ocrx_word' id='word_1_175' title='bbox 554 2419 615 2469; x_wconf 90' lang='lat' dir='ltr'>serre</span> <span class='ocrx_word' id='word_1_176' title='bbox 629 2421 721 2469; x_wconf 80' lang='lat' dir='ltr'>recusat</span> 
     </span>
     <span class='ocr_line' id='line_1_27' title="bbox 147 2494 843 2564; baseline 0.003 -17"><span class='ocrx_word' id='word_1_177' title='bbox 147 2494 275 2556; x_wconf 69' lang='lat' dir='ltr'>Pondere,</span> <span class='ocrx_word' id='word_1_178' title='bbox 288 2512 332 2547; x_wconf 90' lang='lat' dir='ltr'>nec</span> <span class='ocrx_word' id='word_1_179' title='bbox 347 2498 456 2561; x_wconf 76' lang='lat' dir='ltr'>gravibus</span> <span class='ocrx_word' id='word_1_180' title='bbox 471 2497 562 2548; x_wconf 88' lang='lat' dir='ltr'>collum</span> <span class='ocrx_word' id='word_1_181' title='bbox 577 2498 715 2549; x_wconf 84' lang='lat' dir='ltr'>submittere</span> <span class='ocrx_word' id='word_1_182' title='bbox 727 2496 843 2564; x_wconf 67' lang='lat' dir='ltr'>plaustris.</span> 
     </span>
    </p>

    <p class='ocr_par' dir='ltr' id='par_1_5' title="bbox 146 2572 898 2943">
     <span class='ocr_line' id='line_1_28' title="bbox 178 2572 843 2641; baseline 0.003 -17"><span class='ocrx_word' id='word_1_183' title='bbox 178 2575 267 2641; x_wconf 75' lang='lat' dir='ltr'>iugera</span> <span class='ocrx_word' id='word_1_184' title='bbox 276 2573 345 2639; x_wconf 81' lang='lat' dir='ltr'>plura</span> <span class='ocrx_word' id='word_1_185' title='bbox 355 2573 436 2623; x_wconf 88' lang='lat' dir='ltr'>colent</span> <span class='ocrx_word' id='word_1_186' title='bbox 446 2572 544 2639; x_wconf 76' lang='lat' dir='ltr'>grandes</span> <span class='ocrx_word' id='word_1_187' title='bbox 556 2608 564 2633; x_wconf 93' lang='lat'>‚</span> <span class='ocrx_word' id='word_1_188' title='bbox 581 2573 623 2639; x_wconf 76' lang='lat' dir='ltr'>&#39;pst</span> <span class='ocrx_word' id='word_1_189' title='bbox 633 2574 715 2626; x_wconf 85' lang='lat' dir='ltr'>nobile</span> <span class='ocrx_word' id='word_1_190' title='bbox 725 2610 734 2636; x_wconf 92' lang='lat'>‚</span> <span class='ocrx_word' id='word_1_191' title='bbox 751 2575 821 2626; x_wconf 73' lang='lat' dir='ltr'>mile</span> <span class='ocrx_word' id='word_1_192' title='bbox 833 2611 843 2637; x_wconf 90' lang='lat'><strong><em>,</em></strong></span> 
     </span>
     <span class='ocr_line' id='line_1_29' title="bbox 147 2647 841 2715; baseline 0.001 -17"><span class='ocrx_word' id='word_1_193' title='bbox 147 2650 230 2712; x_wconf 71' lang='lat' dir='ltr'>Qudm</span> <span class='ocrx_word' id='word_1_194' title='bbox 240 2653 297 2715; x_wconf 82' lang='lat' dir='ltr'>juga</span> <span class='ocrx_word' id='word_1_195' title='bbox 307 2662 375 2698; x_wconf 76' lang='lat' dir='ltr'>terna</span> <span class='ocrx_word' id='word_1_196' title='bbox 385 2650 460 2697; x_wconf 90' lang='lat' dir='ltr'>boum</span> <span class='ocrx_word' id='word_1_197' title='bbox 472 2665 480 2706; x_wconf 69' lang='grc' dir='ltr'><strong>ς</strong></span> <span class='ocrx_word' id='word_1_198' title='bbox 498 2652 593 2713; x_wconf 76' lang='lat' dir='ltr'>pinguis</span> <span class='ocrx_word' id='word_1_199' title='bbox 602 2647 646 2697; x_wconf 83' lang='lat' dir='ltr'>nisi</span> <span class='ocrx_word' id='word_1_200' title='bbox 656 2648 726 2713; x_wconf 75' lang='lat' dir='ltr'>gleba</span> <span class='ocrx_word' id='word_1_201' title='bbox 735 2651 841 2713; x_wconf 74' lang='lat' dir='ltr'>requirat</span> 
     </span>
     <span class='ocr_line' id='line_1_30' title="bbox 146 2724 788 2793; baseline -0.008 -14"><span class='ocrx_word' id='word_1_202' title='bbox 146 2729 206 2779; x_wconf 80' lang='lat' dir='ltr'>Acte</span> <span class='ocrx_word' id='word_1_203' title='bbox 223 2727 401 2786; x_wconf 88' lang='lat' dir='ltr'>ministerium,</span> <span class='ocrx_word' id='word_1_204' title='bbox 419 2728 534 2793; x_wconf 86' lang='lat' dir='ltr'>natosque</span> <span class='ocrx_word' id='word_1_205' title='bbox 551 2724 583 2776; x_wconf 74' lang='lat' dir='ltr'>sd</span> <span class='ocrx_word' id='word_1_206' title='bbox 600 2726 673 2777; x_wconf 79' lang='lat' dir='ltr'>fortia</span> <span class='ocrx_word' id='word_1_207' title='bbox 688 2741 788 2776; x_wconf 80' lang='lat' dir='ltr'>taurost</span> 
     </span>
     <span class='ocr_line' id='line_1_31' title="bbox 146 2796 691 2861; baseline -0.002 -12"><span class='ocrx_word' id='word_1_208' title='bbox 146 2798 233 2849; x_wconf 80' lang='lat' dir='ltr'>Nescia</span> <span class='ocrx_word' id='word_1_209' title='bbox 252 2796 345 2849; x_wconf 86' lang='lat' dir='ltr'>difficili</span> <span class='ocrx_word' id='word_1_210' title='bbox 360 2814 417 2848; x_wconf 80' lang='lat' dir='ltr'>nam</span> <span class='ocrx_word' id='word_1_211' title='bbox 435 2797 517 2849; x_wconf 84' lang='lat' dir='ltr'>cedere</span> <span class='ocrx_word' id='word_1_212' title='bbox 533 2797 601 2848; x_wconf 80' lang='lat' dir='ltr'>mula</span> <span class='ocrx_word' id='word_1_213' title='bbox 614 2799 691 2861; x_wconf 75' lang='lat' dir='ltr'>labori</span> 
     </span>
     <span class='ocr_line' id='line_1_32' title="bbox 146 2873 898 2943; baseline 0 -16"><span class='ocrx_word' id='word_1_214' title='bbox 146 2876 274 2943; x_wconf 79' lang='lat' dir='ltr'>Rumpitur</span> <span class='ocrx_word' id='word_1_215' title='bbox 288 2910 298 2936; x_wconf 92' lang='lat'>,</span> <span class='ocrx_word' id='word_1_216' title='bbox 316 2890 408 2925; x_wconf 77' lang='lat' dir='ltr'>arentes</span> <span class='ocrx_word' id='word_1_217' title='bbox 424 2891 526 2943; x_wconf 83' lang='lat' dir='ltr'>nequeat</span> <span class='ocrx_word' id='word_1_218' title='bbox 542 2873 559 2924; x_wconf 83' lang='lat' dir='ltr'>si</span> <span class='ocrx_word' id='word_1_219' title='bbox 577 2875 684 2941; x_wconf 81' lang='lat' dir='ltr'>frangere</span> <span class='ocrx_word' id='word_1_220' title='bbox 700 2874 791 2940; x_wconf 75' lang='lat' dir='ltr'>glebas.</span> <span class='ocrx_word' id='word_1_221' title='bbox 895 2910 898 2915; x_wconf 89' lang='lat'>.</span> 
     </span>
    </p>

    <p class='ocr_par' dir='ltr' id='par_1_6' title="bbox 145 2950 797 3104">
     <span class='ocr_line' id='line_1_33' title="bbox 178 2950 683 3019; baseline -0.006 -15"><span class='ocrx_word' id='word_1_222' title='bbox 178 2954 224 3004; x_wconf 81' lang='lat' dir='ltr'>Illa</span> <span class='ocrx_word' id='word_1_223' title='bbox 237 2957 358 3007; x_wconf 83' lang='lat' dir='ltr'>viatorem</span> <span class='ocrx_word' id='word_1_224' title='bbox 376 2950 448 3002; x_wconf 85' lang='lat' dir='ltr'>dorso</span> <span class='ocrx_word' id='word_1_225' title='bbox 466 2951 586 3017; x_wconf 78' lang='lat' dir='ltr'>phalerata</span> <span class='ocrx_word' id='word_1_226' title='bbox 600 2955 683 3019; x_wconf 88' lang='lat' dir='ltr'>quieto</span> 
     </span>
     <span class='ocr_line' id='line_1_34' title="bbox 145 3027 797 3104; baseline 0.006 -26"><span class='ocrx_word' id='word_1_227' title='bbox 145 3030 261 3104; x_wconf 70' lang='lat' dir='ltr'>Accipit,</span> <span class='ocrx_word' id='word_1_228' title='bbox 282 3034 308 3085; x_wconf 78' lang='grc' dir='ltr'>δι</span> <span class='ocrx_word' id='word_1_229' title='bbox 325 3027 434 3099; x_wconf 70' lang='lat' dir='ltr'>placidos</span> <span class='ocrx_word' id='word_1_230' title='bbox 449 3028 533 3087; x_wconf 60' lang='lat' dir='ltr'>alacris</span> <span class='ocrx_word' id='word_1_231' title='bbox 549 3044 590 3093; x_wconf 84' lang='lat' dir='ltr'>per</span> <span class='ocrx_word' id='word_1_232' title='bbox 607 3029 690 3080; x_wconf 77' lang='lat' dir='ltr'>acerba</span> <span class='ocrx_word' id='word_1_233' title='bbox 703 3028 797 3081; x_wconf 67' lang='lat' dir='ltr'>vitrum</span> 
     </span>
    </p>
   </div>
   <div class='ocr_carea' id='block_1_2' title="bbox 0 0 1184 3975">
    <p class='ocr_par' dir='ltr' id='par_1_7' title="bbox 0 0 1184 3975">
     <span class='ocr_line' id='line_1_35' title="bbox 0 0 1184 3975; baseline 0 1"><span class='ocrx_word' id='word_1_234' title='bbox 0 0 1184 3975; x_wconf 95' lang='lat' dir='ltr'> </span> 
     </span>
    </p>
   </div>
  </div>
 </body>
</html>
