2359 3975
283 552 359 627 292'
421 520 626 591 Paanrr
652 506 874 576 Rusrrcr

279 650 377 715 lrriguis
391 640 515 711 pracinlia
527 632 570 684 tibi
586 631 626 679 seu
641 621 765 675 montibus
783 633 840 668 arva

278 730 414 787 Absorbent
429 716 513 770 refides
528 710 647 762 immenso
662 705 756 773 gurgite
769 696 898 761 lymphas,

277 804 377 856 Natura
391 811 440 847 non
457 792 512 840 artis
528 802 606 851 opus3
624 783 664 830 seu
681 775 751 829 vallis
766 776 792 821 ln
807 770 899 819 artium

280 885 319 934 Sic
337 881 387 929 coit
400 910 408 935 ,
422 886 450 921 ut
462 866 528 923 facili
542 863 664 912 frenentur
680 856 769 919 pariete
786 850 851 899 rivi:
951 842 957 849 ’

280 960 355 1009 Utere
371 956 473 1004 fortuna
487 945 557 996 donia
572 945 598 991 δι
613 941 675 987 sorte
691 934 811 982 lotorum.

314 1034 466 1097 Camporum
485 1025 527 1089 qui
541 1020 612 1085 plana
625 1013 706 1070 colit,
720 1005 777 1057 licet
792 1018 879 1069 aggere
891 998 974 1049 multo

282 1116 331 1166 vix
345 1114 405 1161 bene
421 1106 543 1156 contineat
557 1096 695 1163 graviorum
711 1082 805 1152 pondus
822 1096 952 1146 aquatum,

283 1192 328 1245 Nil
340 1188 460 1252 desperet:
472 1192 546 1243 opum
558 1175 594 1223 vis
607 1173 631 1219 δι
648 1167 715 1216 labor
732 1163 816 1211 omnia
830 1158 945 1207 vincunt.

318 1256 514 1318 flammeorum
534 1251 689 1313 terrajacent
704 1238 839 1289 imitabitur
854 1234 955 1293 alveos,

285 1350 323 1401 Sit
336 1342 409 1408 segeti
424 1332 532 1404 quamvis
546 1340 602 1392 ager
615 1319 749 1387 ingeniosus
761 1311 870 1370 alendae,

226 1468 229 1476 s
286 1426 384 1486 Stagnet
395 1413 483 1479 aquis3
499 1403 637 1464 sulcentque
650 1409 711 1444 rates
723 1386 789 1456 quod
801 1402 888 1437 vomer
902 1386 988 1433 arabae

285 1502 397 1568 AEquom
411 1496 435 1542 bc
451 1481 576 1538 amnicolae
590 1476 718 1542 depascant
728 1466 829 1520 humida
843 1466 921 1531 pisces

284 1579 422 1635 Gramina,
435 1582 488 1635 quae
504 1559 566 1611 fimae
581 1550 716 1605 tondebant
729 1561 784 1596 ante
795 1541 904 1608 capellae.

321 1656 376 1708 Post
388 1653 429 1701 ubi
442 1644 593 1713 sqttamigero
605 1632 705 1682 lustrum
720 1642 770 1676 non
786 1622 889 1687 amplius
904 1632 982 1667 unum

290 1738 419 1793 Servieriut
432 1728 533 1796 pecori,
547 1717 652 1783 lymphis
669 1707 779 1761 exhausta
791 1740 799 1765 ,
811 1704 925 1766 vicesque

290 1820 379 1881 Stagna
393 1824 434 1877 per
450 1805 551 1856 alternas
566 1806 684 1845 annorum
700 1788 805 1856 quinque
821 1778 914 1829 colono

292 1888 416 1948 Reddita,
433 1880 519 1945 maiori
536 1874 628 1939 patient
645 1880 702 1914 tum
720 1859 802 1909 fenore
811 1852 905 1917 fruges.

292 1971 428 2022 Triticeam
443 1956 474 2008 sic
489 1950 560 2004 vallis
575 1960 650 2012 opum
665 1938 778 1990 ditiffima
794 1928 895 1981 mellem

293 2047 387 2101 Educat
403 2044 428 2091 δι
443 2035 537 2102 ρίΐαιι
559 2030 585 2076 bt
602 2027 629 2073 in
643 2033 739 2086 :quote
754 2012 852 2064 fluctuat
864 2023 916 2057 uno

295 2125 405 2192 Lympha
420 2114 529 2180 legesque
539 2104 613 2156 Notis
626 2095 733 2154 undana3
744 2088 875 2153 eademque
891 2083 994 2134 viciffim

296 2207 379 2270 Regna
394 2205 477 2248 tenent
491 2192 518 2236 ’δι
533 2182 596 2234 flava
610 2175 704 2233 Ceres,
723 2175 748 2221 bt
767 2163 870 2218 candida
886 2163 959 2213 Nais.

328 2277 468 2344 Hospitium
482 2266 538 2316 tivia
552 2259 613 2316 alii,
629 2253 735 2319 piscique
749 2244 875 2301 futurum,

297 2363 338 2412 Sta
355 2371 386 2405 na
417 2358 484 2398 arant
502 2333 627 2390 mediisin
642 2321 764 2381 collibus}
781 2316 844 2368 unde
860 2318 965 2365 virenter
982 2337 986 2342 ‚

298 2433 417 2489 Defiliens
434 2435 511 2492 prono
526 2409 586 2480 pede
601 2404 701 2470 lympha
714 2394 863 2466 perambulat
877 2395 976 2451 hortos,

298 2512 429 2569 Arboribus
443 2501 483 2552 vel
499 2494 577 2546 clausa
593 2489 657 2539 cavis
673 2482 759 2534 tellure
774 2477 817 2526 sub
830 2473 881 2522 imai

299 2591 373 2642 Clam
388 2583 441 2632 fluit
452 2595 458 2625 ι
469 2578 495 2624 bt
510 2570 589 2620 subito
604 2560 694 2612 tollens
709 2557 734 2605 se
751 2549 844 2600 ludicra
856 2549 941 2614 jaan,

299 2669 329 2730 ln
346 2660 439 2732 pluvios
455 2643 540 2700 recidit
557 2638 604 2690 late
619 2630 759 2686 resonabilis
773 2628 872 2676 imbres.

335 2743 399 2806 Saepe
416 2741 489 2782 manu
508 2720 579 2769 fatias
598 2728 660 2780 aqua
674 2709 751 2760 vincit
766 2698 873 2768 'pondere
891 2695 967 2746 molea

302 2820 411 2873 Eluiltata
423 2812 510 2862 viam
526 2803 550 2849 bt
568 2809 658 2859 magno
674 2804 731 2838 cum
747 2795 870 2833 murmure
889 2779 969 2825 secum

304 2893 459 2965 squamosam
474 2896 514 2951 per
529 2875 601 2929 culta
611 2872 685 2923 trabit
701 2862 813 2917 Cerealia
829 2871 935 2926 gentem.
953 2883 956 2895 .

304 2971 442 3023 Undisonos
458 2965 512 3011 rivo
528 2969 584 3006 cum
601 2947 720 2999 desertore
735 2943 829 2991 secutur

306 3047 439 3124 Transfuga
452 3038 521 3118 piscis
539 3044 628 3110 agros,
643 3024 691 3079 late
706 3020 821 3095 spatiatur
832 3046 842 3079 ,
855 3016 881 3070 οι
896 3010 974 3066 alma
