2359 3975
276 491 348 574 ²50
409 470 614 543 Paanrt
639 469 866 542 llusrrcr

275 594 305 646 In
320 584 438 659 quadrum
456 590 562 649 baculls3
573 607 603 639 ne
619 606 679 657 quos
694 590 766 655 sopor
781 589 843 639 altus
858 579 974 652 habebit,

274 670 378 721 Lubrica
395 667 498 733 decipiat
511 667 641 716 titubantes
653 669 742 732 pertica
759 666 849 731 pullos.

276 747 312 797 Ur
329 746 448 796 thalamos
463 749 570 803 iterum,
585 741 603 792 fi
619 747 662 810 qui
680 743 812 804 labuntur,
828 748 855 793 in
870 744 934 796 altos

276 825 451 891 consurgant,
466 842 536 875 muro
555 824 668 890 proclivis
684 820 802 873 adhereat
819 821 879 874 aller

276 900 395 950 formatis
410 901 477 965 asper
491 896 618 965 gradibus:
630 913 672 962 par
688 893 802 944 scandula
816 911 906 946 manes
949 956 954 966 1

276 973 381 1041 Adjuvet
396 993 409 1025 e
425 976 490 1041 pastu
505 972 622 1032 reduces,
639 987 666 1022 ut
682 970 714 1022 ad
727 971 791 1021 alma
807 975 896 1038 quietis

277 1053 381 1105 Munera
397 1051 525 1102 succedant
539 1049 661 1100 domibus.
680 1047 727 1100 Sed
741 1051 837 1115 vespere
852 1053 905 1101 sero

276 1130 408 1195 Applicitas
423 1145 520 1179 remove
534 1127 625 1186 scalass
643 1143 674 1176 ne
690 1126 758 1176 vafra
772 1129 912 1190 subintret,

277 1205 309 1256 Et
325 1220 402 1255 vertat
417 1203 525 1271 placidos
538 1203 666 1269 vulpecula
680 1203 761 1252 funere
777 1205 891 1254 somnos:

277 1284 368 1334 Omnia
381 1296 457 1332 tentat
471 1285 537 1332 euim
554 1281 605 1330 sera
621 1281 734 1346 pellirna,
745 1283 858 1348 sanguine
875 1282 948 1336 ficcas

277 1357 314 1409 Ut
330 1361 399 1409 satiet
411 1358 490 1407 fauces
503 1375 511 1417 3
526 1361 552 1408 bt
567 1357 713 1424 gallinaria,
732 1359 791 1408 tristi

163 1481 174 1502 Ι
276 1429 354 1485 Cede
370 1430 467 1490 furens,
486 1432 577 1479 miserat
596 1429 696 1480 funestet
714 1433 818 1497 imagine
836 1433 923 1484 cladis.

312 1506 352 1554 Tu
368 1519 465 1570 quoque
478 1506 545 1553 nesle
561 1502 632 1553 dolos
646 1508 687 1562 3&
703 1503 765 1554 fiuil
778 1511 837 1557 retia
853 1509 961 1574 profiut'

281 1577 413 1630 lnfanduns
431 1580 549 1644 proscribe
563 1593 635 1644 caput
647 1596 655 1638 5
671 1581 789 1646 raptisque
802 1585 916 1647 juventus

279 1652 391 1705 venandi
406 1653 484 1704 studio
500 1667 610 1719 properet
627 1652 728 1703 culleus
743 1655 785 1703 sub
801 1659 896 1717 armis,

280 1729 470 1799 Exanimaruque
485 1732 561 1782 ferens
575 1731 632 1781 leto
648 1747 703 1782 cum
717 1749 839 1782 murmure
852 1736 973 1803 vulpem,

281 1805 421 1858 Circumeat
435 1808 504 1858 villas
517 1823 526 1866 ς
540 1810 566 1857 bt
583 1805 662 1856 adhuc
676 1823 690 1855 a
704 1806 769 1857 cade
784 1811 894 1861 rubentes

282 1879 403 1932 Manibus
419 1883 539 1932 ostentans
553 1881 633 1932 fauces
650 1884 676 1931 bt
692 1884 794 1932 crimina
811 1883 869 1933 suris
882 1921 891 1947 ,

284 1960 395 2027 Accipiat
411 1965 508 2012 meritas
523 1965 592 2029 pasto
609 1979 665 2013 cunr
680 1979 779 2015 munere
795 1962 887 2016 laudes.

313 2038 372 2089 liet
389 2056 435 2105 ego
453 2036 586 2090 Mafferaco
603 2039 736 2091 meditabar
752 2057 806 2091 rure
819 2077 828 2103 ,
843 2044 928 2110 quieti

282 2117 368 2167 Tarnis
383 2118 444 2171 ubl,
458 2118 515 2182 ripis
528 2122 578 2183 jam
595 2116 804 2179 decrescentibus,
822 2119 906 2170 undis,

281 2188 397 2239 Lambere
414 2188 502 2255 gaudet
518 2206 610 2257 agros,
624 2194 649 2243 ἃ
667 2189 798 2243 demiratus
814 2194 844 2243 ab
858 2194 909 2245 alto

281 2268 384 2335 Gurgite
401 2270 537 2321 nascentem
553 2270 660 2332 villam,
675 2274 819 2339 camposque
834 2278 957 2341 jacentes,

281 2344 364 2396 flaret
381 2350 462 2409 iners,
474 2350 593 2415 neffltque
607 2365 686 2400 moras
698 2384 706 2410 ‚
719 2353 744 2401 bt
754 2349 843 2416 pradia
858 2356 952 2404 circum

282 2423 365 2474 Lentia
382 2440 444 2475 errat
462 2430 549 2493 aquis,
567 2424 682 2477 {udrosos
699 2430 724 2479 bt
739 2430 788 2494 ipse
805 2428 917 2480 lotorum

283 2499 315 2551 Et
327 2501 416 2566 placidi
419 2536 437 2562 ,
452 2519 502 2569 quo
513 2520 558 2553 nos
573 2520 670 2570 quoque
684 2506 724 2555 vix
739 2505 886 2567 avellimur,
902 2506 949 2557 oti.

316 2580 402 2628 Amnis
415 2580 457 2627 ubi
471 2578 538 2628 flexis
552 2579 616 2631 redit
633 2583 658 2630 in
674 2582 699 2630 se
712 2584 803 2647 pigrior
816 2580 906 2644 undis,

273 2654 374 2719 xMollia
388 2670 455 2722 prata
471 2659 570 2722 jacent,
588 2655 687 2707 adverso
702 2657 783 2707 littore
798 2676 868 2725 rupes

284 2732 410 2800 Erigitur,
424 2736 495 2784 ramis
509 2749 583 2800 quatu
599 2732 676 2785 multa
690 2736 822 2785 virentibus
837 2739 908 2787 arbor

284 2810 402 2879 Contegit
420 2817 447 2863 in
463 2815 537 2863 scene
552 2813 655 2863 faciem:
668 2810 697 2861 de
712 2812 818 2863 culmine
831 2820 896 2882 rupis

283 2884 347 2935 Fons
363 2891 547 2953 uritur,que1n
563 2883 623 2934 dura
639 2899 722 2948 parens
738 2888 828 2948 enixa,
843 2890 946 2952 rigentes

284 2961 432 3030 Pracipitesn
446 2966 504 3032 jacit
513 2965 539 3015 iu
549 2960 660 3029 scopulos
670 2958 752 3013 :dolet
762 2962 805 3015 ille
816 2962 884 3031 quud
895 2969 980 3020 lautos
