2359 3975
306 497 375 572 ¹52
439 477 641 549 Perna
666 482 896 550 Rusrrcr

304 595 328 642 Si
344 591 402 659 quid
418 599 482 644 enirn
501 595 530 646 de
546 615 584 646 me
600 599 685 648 sentire
702 600 823 664 superbius
840 597 933 661 aufim,

303 672 380 719 Stabit
394 670 456 736 apud
470 689 587 722 memores
603 675 718 725 benefaiii
733 680 808 740 gratia
820 680 905 736 aives,

303 745 386 807 Qualis
400 749 504 814 Virgilio
517 749 562 798 fuit
575 751 657 811 olim,
675 752 751 817 qualis
765 753 873 802 Homero

303 825 409 884 Debita,
425 829 466 891 qui
484 830 571 891 patrios
587 829 707 876 servarunt
722 832 827 878 carmine
842 827 909 877 fines.

303 899 362 950 Non
375 915 422 964 ego
434 917 472 949 rne
486 906 556 951 tantis
571 901 665 969 polium
679 905 787 954 conferre
801 906 902 964 Po'e'tis,
996 937 1002 944 ·

304 978 416 1026 fautores
432 980 552 1044 utriusque
567 996 634 1044 potes
648 977 689 1029 sed
701 983 796 1029 vincere
811 983 893 1045 pronis

303 1048 333 1100 ln
347 1055 427 1102 Musas
442 1056 526 1103 animis
540 1072 600 1121 quos
615 1060 664 1121 Jam
675 1060 803 1106 virtutibus
811 1073 898 1124 aquas.

304 1129 340 1178 Te
356 1131 482 1180 Maecenati
498 1133 594 1182 Ptoavis
609 1134 746 1198 meritisque
763 1137 857 1198 potenti

303 1205 431 1272 AEqualem
447 1207 537 1257 faciunt
555 1209 645 1259 Vatum
663 1210 756 1269 tutela,
775 1210 890 1277 favorque

303 1285 392 1348 Regis,
409 1288 433 1333 δι
453 1288 548 1349 imperii
566 1288 636 1334 rebus
652 1305 719 1336 mene
734 1302 791 1336 nata
806 1286 933 1353 gerendis:

303 1361 371 1410 Neve
386 1361 448 1410 soret
464 1361 505 1410 alii
521 1360 651 1422 absimilis,
670 1362 747 1412 fecere
761 1364 881 1423 rebelles3

304 1439 372 1499 Quos
388 1456 437 1488 non
452 1437 552 1488 eonfilio
567 1439 681 1498 tantum,
700 1439 740 1489 sed
755 1440 857 1490 fortibus
871 1440 952 1502 auiis,

305 1515 378 1563 Felici
392 1511 433 1563 sed
444 1513 522 1563 Marte
540 1510 633 1562 domas.
650 1513 713 1563 Hine
726 1513 817 1562 haeresrs
832 1512 887 1564 odit

305 1591 342 1639 Te
357 1587 415 1638 fidei
429 1589 544 1653 &Regni
558 1586 691 1644 columem,
706 1585 844 1652 dudumque
858 1604 901 1652 per
913 1585 975 1638 altos

305 1669 435 1718 Erululans
447 1681 560 1725 montes,
574 1664 609 1714 nil
623 1663 802 1729 proficientibus
816 1669 889 1716 armis
900 1701 908 1726 ‚

306 1739 376 1790 Poffe
391 1753 464 1804 negat
476 1754 585 1788 revocare
600 1739 674 1797 suos,
689 1752 712 1786 te
726 1737 832 1803 sospite,
848 1740 936 1790 cultus.

339 1819 417 1880 Quare
429 1835 489 1883 age,
500 1821 588 1884 quique
598 1835 678 1868 meam
690 1818 776 1868 tollens
788 1816 818 1868 ad
829 1817 905 1869 fidera
910 1818 1015 1878 Musam,

303 1896 436 1960 Virgilium
452 1894 511 1946 dieis
523 1899 567 1945 tibi
580 1914 635 1946 rura
647 1895 735 1947 dedille
748 1915 756 1956 3
770 1899 870 1948 vicium

305 1975 370 2023 Rura
386 1974 454 2022 suum
470 1974 559 2023 servata
575 1990 661 2023 canant
673 1971 778 2024 habuiffe
791 1975 937 2026 Maronema

305 2054 345 2101 Tu
364 2051 408 2101 nili
426 2053 543 2103 Maecenas
561 2052 634 2103 fueris
653 2057 780 2119 patriaeque
795 2056 920 2119 mihique,

305 2130 366 2179 Non
377 2146 422 2194 ego
437 2130 552 2194 Virgilius
564 2130 662 2195 posthac
675 2146 717 2179 ero
730 2148 738 2178 e
751 2131 833 2179 nobile
845 2148 936 2181 nomen

306 2203 363 2269 Quo
380 2205 477 2257 dederas
496 2211 596 2269 auimo,
614 2212 663 2272 jam
677 2224 741 2257 nunc
755 2206 877 2268 defende3
894 2224 984 2274 tuoque

305 2285 422 2347 iudicio,
440 2287 571 2353 nostraeque
588 2286 661 2336 fidem
679 2289 756 2338 bonus
771 2287 862 2337 adstrue
880 2287 961 2336 fatnae·

340 2365 432 2413 fertilis
448 2363 527 2412 aestivo
543 2362 670 2427 postqualm
687 2365 741 2411 satis
758 2380 811 2411 area
824 2362 894 2427 pulsu

306 2437 436 2498 lnsonuit;
453 2437 560 2504 duroque
577 2438 650 2489 Ceres
667 2443 752 2488 extrita
766 2438 885 2503 flagello,

305 2516 337 2564 Et
352 2516 466 2580 Zephyris
480 2530 578 2579 purgata
593 2514 659 2573 fuit3
676 2512 735 2564 dum
750 2516 800 2563 sole
814 2518 907 2579 tepenti

306 2590 372 2639 Laeta
384 2608 426 2655 per
441 2594 532 2654 apricos
550 2594 661 2656 coquitur
674 2591 796 2642 vindemia
810 2592 884 2640 eolles
898 2610 905 2650 3

306 2666 467 2734 Cellandique
484 2684 562 2717 morat
576 2671 664 2719 humus
680 2670 833 2719 intraciabilis
848 2670 907 2718 aestu

306 2745 424 2810 Agricolis
442 2743 551 2810 indulget
564 2763 571 2804 5
586 2762 651 2795 amat
668 2762 725 2795 tunc
742 2750 792 2795 otia
809 2762 903 2811 pagus,

307 2824 340 2873 Et
355 2824 459 2873 celebrat
474 2822 516 2871 sibi
534 2840 585 2889 quae
602 2822 702 2873 redeunt
720 2824 825 2873 solennia
843 2823 922 2883 festa,

308 2900 459 2965 Christiparae
475 2903 550 2950 sacros
566 2918 629 2949 anno
643 2900 760 2950 referente
775 2903 933 2965 triumphos,

294 2978 457 3044 tl'elicemque
468 2976 557 3049 diem,
577 2994 627 3043 quo
642 2976 708 3027 dulci
725 2992 802 3027 morte
817 2978 921 3027 solutam

308 3054 420 3105 AEtherei
434 3054 548 3119 plaudens
563 3057 668 3104 Matrem
681 3054 745 3104 Deus
760 3058 847 3118 excipit
863 3055 939 3114 auli-3
1002 3071 1011 3092 ·.

310 3128 436 3193 Sanguinis
451 3141 477 3182 ut
491 3143 585 3177 memor
600 3127 643 3179 illa
655 3129 712 3190 sui,
729 3129 871 3180 mortalibus
888 3131 956 3197 aegrit
