2359 3975
386 456 574 531 Lrtsu
614 458 679 534 11.
848 482 895 559 37

162 574 273 643 Imperiis
291 576 415 642 populos,
433 594 477 627 uec
493 596 551 651 opes¹
566 578 705 641 crudelius,
719 577 793 631 instar·

161 654 286 715 velleris,
305 652 433 708 advirum
449 658 550 707 resecare
564 692 572 717 ,
588 656 705 722 superflua
719 659 813 709 renum

162 731 207 783 Sed
223 734 275 783 leni
294 730 394 783 tondere
409 750 502 794 mauu,
522 734 560 783 lac
577 733 662 785 ducere
679 737 757 800 preffis

161 809 275 861 Molliter
290 811 423 870 uberibus,
439 828 490 861 nou
505 812 648 876 immulgere
662 830 781 863 cruorem.

193 887 226 936 At
240 901 321 935 vacua
335 884 432 933 incultis
448 900 476 935 ut
488 898 554 935 eraut
571 900 628 935 tuuc
642 889 724 935 omnia
737 888 825 949 terris,

161 962 282 1014 Custodes
301 964 385 1013 ovium
400 962 455 1013 loce
470 979 512 1027 per
528 960 621 1013 deserta
634 978 766 1029 vagantum

161 1040 216 1091 Alta
232 1042 278 1089 sub
295 1040 380 1089 inuubi
397 1054 534 1105 peragentes
551 1044 603 1089 oria
621 1042 708 1101 eoelo,

162 1120 219 1169 Nou
234 1118 332 1170 tauttiru
347 1113 451 1169 didicere
461 1122 547 1183 gregis
560 1134 614 1187 quse
630 1137 686 1170 cura
701 1119 783 1171 tuendi

162 1194 263 1260 Optima
276 1228 284 1253 ,
302 1209 355 1259 quae
370 1194 467 1241 morbos
480 1197 505 1243 δι
516 1208 568 1259 quae
584 1192 647 1244 ferat
655 1195 728 1243 herba
740 1194 863 1259 salutem

161 1270 240 1321 A'e'rias
258 1286 350 1321 tentare
368 1268 475 1330 domos,
496 1270 605 1338 luuaeque
624 1272 716 1323 labores

161 1347 193 1397 Et
206 1352 303 1397 varium
319 1348 375 1397 coeli
392 1348 483 1413 placuit
497 1352 640 1414 cognoscere
655 1368 758 1402 morem.

161 1428 288 1477 servarunt
306 1428 379 1490 primi
399 1428 473 1475 tacito
490 1426 595 1477 labentia
613 1444 684 1477 motu

163 1498 268 1560 Sidera,
287 1502 444 1551 transversum
459 1501 544 1553 muudi
562 1505 701 1554 revolubilis
716 1522 786 1557 axem

161 1577 193 1627 Et
209 1582 322 1643 geminos
337 1578 435 1628 statusre
453 1579 542 1643 polos,
561 1582 686 1647 solemque
701 1585 776 1631 secuti

162 1656 318 1723 Nomiuaque
337 1661 360 1705 δι
376 1672 490 1706 uumerus
508 1656 579 1721 fignis
598 1658 696 1717 fetere,
712 1658 820 1709 volentes

161 1736 197 1785 Ut
213 1738 337 1800 pecori&
355 1734 427 1783 stellis
443 1737 501 1783 aries
519 1731 567 1785 dux
586 1732 667 1795 effers
684 1740 708 1784 δι
728 1734 794 1786 idem

163 1810 259 1869 Coelo,
277 1814 323 1875 ,qui
339 1810 436 1859 stabulis
448 1827 576 1872 armenta,
593 1809 716 1862 reduceret
731 1828 831 1863 mnum·

195 1888 235 1936 Illi
254 1886 315 1937 adeo
334 1888 442 1939 volucres
458 1892 546 1941 imitati
563 1907 623 1941 voce
637 1908 758 1952 canoras,

161 1962 281 2014 Dulcibus
300 1965 362 2012 inter
378 1964 487 2028 septimi
505 1965 659 2028 concentibus
676 1980 743 2014 auras

162 2042 316 2107 Impletura,
336 2041 440 2090 calamos
457 2045 529 2092 etiam
546 2041 623 2092 fecere
642 2042 774 2108 loquaces,

163 2116 231 2175 Quos
246 2119 300 2180 pice
313 2115 352 2165 vel
369 2114 462 2182 liquidi
477 2117 554 2182 plures
571 2122 714 2184 conjungere
730 2117 803 2176 cersi,

161 2194 193 2244 Et
211 2195 318 2243 numeris
334 2191 389 2242 dare
401 2195 491 2254 verba,
510 2192 628 2260 pedesque
643 2193 755 2260 affingere
768 2195 847 2244 verbis

161 2264 288 2314 Instituere
307 2263 417 2314 :modos
434 2267 622 2332 pulloralemque
639 2270 743 2319 cicutam

163 2344 235 2394 Nunc
251 2347 326 2420 etiam
338 2361 402 2394 vates
418 2343 578 2405 adhibemus,
595 2361 621 2393 ut
636 2349 686 2394 otia
698 2349 759 2395 ruris

164 2422 365 2488 Tranquillosque
380 2420 450 2495 dies,
469 2423 606 2488 castumque
620 2439 732 2472 canamus
747 2441 864 2476 amorem.
883 2488 887 2494 Δ

194 2501 285 2549 Omnia
293 2502 355 2565 proh
367 2500 375 2549 l
387 2499 506 2566 quantum
515 2499 595 2566 longis
606 2517 729 2551 mutantur
739 2505 766 2552 in
776 2507 843 2554 aunis
854 2506 862 2554 l

163 2577 236 2639 Quod
246 2578 324 2644 regale
336 2579 383 2628 fuit
393 2575 517 2644 quondam
527 2612 535 2636 ,
547 2576 614 2644 quod
622 2578 734 2644 Apolline
746 2577 863 2644 dignum,

162 2657 257 2708 Vilibus
275 2654 383 2706 officium
398 2656 469 2705 servis
486 2653 634 2714 mandatur,
652 2658 760 2722 inersque

161 2734 192 2785 Et
210 2731 309 2784 stolidus
328 2735 365 2790 ¹vir
383 2733 458 2797 pascit
474 2748 530 2782 oves
547 2749 554 2779 ι
573 2748 626 2798 quae
645 2748 702 2780 cura
720 2732 832 2780 manebat
899 2772 902 2782 .
995 2736 1003 2749 ‘

161 2811 268 2877 Ingenuo
288 2826 373 2876 pueros
390 2809 451 2879 olim
470 2807 500 2859 de
518 2811 631 2874 sanguiue
648 2823 726 2858 natos.
901 2798 904 2804 ¹

194 2889 246 2938 Hac
260 2890 391 2950 hominurn
406 2885 437 2936 de
452 2886 528 2945 fece,
545 2889 624 2934 virum
639 2887 684 2933 tibi
696 2884 768 2949 selige
784 2885 867 2954 frugi,

163 2965 210 3028 Qui
227 2971 303 3032 magis
319 2968 419 3030 ingenio
434 2963 525 3028 placeat
539 2961 614 3028 quim
629 2980 749 3031 torpore,
765 2968 850 3028 primis

162 3044 209 3112 Qui
226 3061 312 3115 curare
325 3059 427 3111 greges,
446 3041 578 3106 &pascere
590 3044 658 3109 norit
669 3043 699 3097 ab
713 3045 804 3105 aunis,
862 3108 865 3114 ¹
885 3069 906 3111 ¹,-
