2359 3975
199 469 201 474 ’
279 505 348 575 το4
409 482 613 558 Pscnir
639 487 865 558 Rusrrcr

275 606 407 655 obruerem
424 603 627 672 glandemque
643 620 699 656 nats
716 610 841 656 cacumine
858 605 933 657 molli

275 683 341 736 cum
356 688 461 751 primum
475 687 589 750 inciperet
605 699 738 736 maternam
753 683 843 736 findere
860 702 974 746 terram,

274 756 375 824 Jamque
385 758 438 808 solo
446 756 574 818 frondere,
586 775 667 825 greges
676 759 761 826 procul
770 757 828 810 inde
837 760 974 828 repellens,

226 892 235 910 s
275 832 396 887 Confusus
413 835 477 886 ultro
495 851 586 900 paterer
602 834 722 886 silvescere
737 836 841 902 plantas.

214 923 216 932 ’
308 911 392 962 iunior
406 909 484 962 effutis
502 911 558 964 crim
576 909 634 963 dein
647 914 771 964 arbuscula
786 919 859 965 rantis

276 991 406 1042 Lasciviret
422 1003 500 1058 agro,
516 993 638 1041 nascentes
654 990 741 1043 fronde
759 992 864 1044 levarem

225 1110 227 1116 .
275 1069 338 1120 Ante
354 1069 408 1135 gelu
426 1085 545 1134 quercuss
564 1072 589 1119 bc
606 1071 697 1118 semim
712 1086 787 1135 pauca
803 1073 942 1138 relinquens

277 1146 389 1196 Eruerem
404 1146 468 1196 malt
481 1160 556 1206 nata,
575 1159 658 1210 tegens
672 1145 727 1196 loca
741 1146 806 1197 nuda
820 1151 908 1199 coevis

276 1222 394 1284 Ilicibus,
409 1239 505 1288 procera
522 1225 586 1287 prius
604 1220 679 1287 qudm
695 1221 754 1273 filva
769 1239 893 1275 comantes

276 1302 354 1353 Altius
373 1307 449 1352 a'e'reas
468 1315 564 1351 truncos
581 1298 676 1350 efferret
691 1305 717 1350 in
733 1319 809 1354 auras.

278 1377 343 1428 Nam
352 1369 463 1425 Proceres
473 1389 500 1424 ut
510 1377 535 1423 in
546 1374 620 1434 urbe,
633 1382 715 1423 tenent
725 1379 768 1440 qui
777 1376 884 1426 culmina
893 1393 974 1426 rerum
981 1411 993 1435 .
1081 1369 1083 1371 ’
1112 1428 1113 1435 ,

197 1462 199 1466 “
279 1455 412 1505 obscurant
430 1454 594 1520 humilemque
609 1467 694 1503 vetant
710 1451 827 1520 affurgers
844 1455 961 1521 plebemt

279 1535 318 1583 Sic
331 1549 468 1600 numquam
485 1534 508 1580 se
524 1545 597 1597 parva
613 1533 687 1596 nigris
699 1534 725 1580 in
739 1532 837 1582 saltibus
851 1532 924 1582 arbor

280 1611 360 1662 Tollit
374 1613 450 1662 humo
464 1606 565 1676 grandes
576 1611 658 1668 inter,
673 1623 727 1674 quc·
741 1612 831 1659 vertice
847 1609 912 1658 celso

280 1687 347 1738 stira
357 1701 457 1753 petunt,
471 1683 603 1750 umbrdqut
614 1699 726 1748 premunt
735 1685 843 1748 graviore
852 1686 971 1736 minores.

280 1768 316 1818 Ac
330 1767 428 1818 demum
442 1770 514 1833 spinis
528 1765 578 1814 imi
594 1763 625 1813 de
639 1765 709 1830 stirpe
722 1763 820 1825 recisis,
859 1772 861 1775 '

281 1845 440 1896 Horridulnrn
454 1861 553 1911 purgare
568 1851 652 1894 nemus
666 1844 805 1911 plantasque
819 1843 920 1893 tenellas

212 1933 216 1941 ⁴
280 1919 427 1989 Aggredsrer
443 1920 566 1982 formare,
585 1935 667 1969 comas
682 1924 708 1969 bc
724 1921 820 1969 brachia
837 1919 903 1969 fetro

280 2001 419 2069 Dejicisns,
434 2002 513 2066 primo
527 1998 596 2050 labor
609 2014 758 2066 opportunus
770 2003 797 2049 in
809 2016 880 2048 srvos

282 2080 388 2142 Quercus
403 2083 468 2131 enim
482 2081 559 2147 perse
573 2098 652 2130 ramos
665 2085 715 2147 ism
729 2078 842 2147 grandior
856 2081 920 2127 imos

281 2156 354 2207 Exuit
370 2160 396 2207 in
413 2154 495 2217 filsis3
513 2159 538 2205 δι
556 2172 609 2222 quae
624 2158 725 2222 spatiosa
739 2171 780 2221 per
795 2169 864 2219 agros

282 2230 416 2291 Funditur,
433 2233 555 2297 ingentem
565 2232 633 2295 parus
642 2230 701 2281 daus
712 2228 837 2280 frondibus
848 2229 960 2277 umbram
972 2246 983 2288 ς

282 2308 413 2361 Arboribus
428 2306 519 2357 circslm
537 2306 715 2366 crescentibus,
731 2303 818 2354 emula
835 2302 899 2353 coelo

283 2388 339 2438 Fert
357 2388 456 2438 sublime
474 2403 564 2453 caput,
581 2387 705 2453 solemque
721 2383 816 2436 affettat
832 2385 962 2433 amicum:

283 2465 338 2515 Huc
350 2478 415 2533 ¹totas
430 2462 555 2529 profundit
569 2480 646 2528 opes,
664 2477 708 2511 nec
723 2474 790 2509 curat
804 2456 896 2508 alendis

285 2539 375 2588 Vitnles
392 2552 459 2587 terrae
476 2539 556 2586 succos
574 2534 712 2603 impendere
726 2538 806 2585 ramis.

317 2614 341 2662 Si
356 2612 434 2677 placet
449 2612 572 2663 arboribus
589 2614 681 2676 primos
695 2626 780 2660 omcre
797 2604 930 2657 domorum

285 2688 419 2749 Introitus3
438 2688 527 2755 triplici
543 2686 642 2738 tendant
658 2686 798 2737 umbracula
810 2686 881 2735 versu

286 2768 373 2819 Ulmus
389 2785 483 2835 opaca,
500 2767 561 2817 leves
576 2765 656 2826 tilia,
675 2764 714 2816 vel
729 2766 797 2815 tonsa
813 2760 936 2828 cuprcffus

286 2847 383 2896 Parietis
400 2849 425 2896 iu
440 2860 552 2905 morem,
569 2842 609 2895 vel
626 2846 736 2908 carpinus
750 2844 785 2891 ire
800 2856 841 2905 pst
855 2853 942 2891 omues

287 2924 434 2990 Obsequiosa
449 2920 556 2981 modos,
573 2921 696 2985 hortisque
709 2918 840 2969 uirentibus
855 2913 947 2965 addens

289 2999 384 3054 Grande
395 3000 466 3053 decus
478 3017 486 3061 5
498 3000 539 3050 ssu
548 3000 619 3049 tonsu
628 3013 710 3048 comas
719 2998 857 3074 curuamine
868 2993 974 3061 pulchro
1004 3039 1010 3053 ,
