2359 3975
315 479 656 554 ·L1nsn1X.
740 476 863 575 -189

111 609 168 664 nse
188 604 238 658 suh
253 620 285 656 ne
297 619 348 654 non
362 603 475 654 Brumae
488 615 585 667 quoque
601 603 708 651 vinceret
723 611 790 658 arte,
883 617 892 640 t

113 689 213 744 Nullo
229 687 317 736 hiemis
335 682 452 746 Vtrisque
468 681 528 729 satae
546 678 683 729 discrimine
699 677 792 743 plancas

77 736 81 773 Ι
113 764 249 821 versalia
269 764 342 827 riguis
357 757 456 809 educere
472 759 546 822 erepit
561 759 586 806 in
602 759 693 807 hortis:

78 889 80 919 ἰ
113 847 195 900 Nam
207 839 278 909 quid
292 843 377 890 humus
394 837 453 900 Regi
468 851 518 884 non
534 832 646 894 deserat,
663 835 741 884 excita
752 834 815 882 tanti

112 920 252 985 Principis
270 917 384 980 aspeeru,
402 911 480 977 pohto
497 913 539 977 qui
555 909 661 976 pondere
677 926 756 960 rerum

114 1000 199 1062 Quos
218 993 306 1043 oculos
319 992 394 1056 aperit
403 988 497 1054 populis
508 991 609 1053 orbique
619 986 725 1053 regendo

114 1079 150 1129 ln
167 1087 263 1126 tenues
280 1081 344 1119 amat
359 1064 480 1116 interdurn
496 1062 620 1114 demittere
635 1064 749 1130 plantat?

152 1156 185 1205 Si
200 1185 212 1211 ‚
227 1148 283 1198 loca
300 1151 347 1211 jam
364 1146 434 1194 toties
452 1145 513 1192 mihi
530 1139 672 1203 decantata,
685 1142 767 1191 beatos

113 1229 248 1287 versalia
261 1226 334 1277 colles
350 1222 446 1274 videam
457 1240 465 1282 5
478 1238 527 1272 non
541 1224 591 1286 ipsa
606 1223 721 1271 tenebunt

115 1306 244 1374 Augusta
263 1321 302 1353 me
319 1304 380 1352 teda
393 1299 500 1360 domus,
516 1315 566 1348 non
581 1297 680 1363 lympha
694 1314 735 1362 per
750 1296 813 1348 aitoa

114 1383 283 1449 obsequiosa
300 1378 374 1430 fluens
389 1393 501 1435 montes,
515 1391 565 1426 non
581 1379 655 1425 totius
668 1377 733 1425 orbis

115 1465 206 1516 Dives
216 1474 294 1524 opum
300 1459 417 1506 variarum
428 1455 511 1502 hortus
519 1486 527 1510 ,
536 1467 585 1500 non
597 1450 699 1517 denique
707 1451 830 1512 nostrum,

117 1539 291 1600 Quamquam
306 1545 356 1578 non
371 1531 449 1592 pigeat
465 1539 544 1574 tantos
557 1524 612 1572 olus
623 1526 685 1572 inter
698 1525 801 1572 honores

119 1617 246 1682 Aspicere
259 1628 265 1657 e
277 1623 305 1657 ac
318 1605 404 1656 molles
422 1603 482 1652 letis
498 1601 553 1650 crim
572 1600 678 1666 perleget
693 1601 777 1649 herbas

117 1683 277 1739 Luminibus
290 1677 403 1737 Lodoi13
420 1694 462 1726 ero
479 1676 588 1739 Principe
605 1690 669 1725 totus
685 1678 711 1722 in
725 1691 793 1733 uuo,

118 1766 214 1826 Quem
226 1757 311 1824 procul
322 1757 438 1805 attonitus
447 1753 523 1816 stupet
533 1751 618 1810 Orbis,
632 1754 657 1800 δι
668 1750 754 1798 ultima
764 1763 827 1798 retro

78 1871 79 1874 =
119 1837 238 1892 Venturi
253 1832 305 1898 post
319 1831 387 1880 saecla
402 1823 576 1880 veiint‘vidiise
591 1826 706 1892 Nepotes.

158 1911 236 1964 Crim
253 1908 319 1956 venti
336 1905 433 1970 posuere
450 1917 546 1960 truces,
566 1904 591 1949 δι
606 1899 715 1949 oluscula
733 1898 781 1948 leni

120 1994 183 2045 Jam
205 1985 331 2051 Zephyrus
342 1981 409 2032 fovet
423 1979 521 2039 afflatu,
535 1996 585 2029 non
599 1977 649 2027 sole
665 1974 783 2036 cadenti,

120 2068 191 2120 Non
206 2066 318 2121 oriente,
333 2074 412 2108 recens
430 2056 522 2106 haustos
536 2053 645 2106 diffunde
661 2055 784 2120 liquores3

123 2138 236 2190 Humor
253 2136 398 2197 inexpertam
413 2146 443 2185 ne
458 2126 557 2193 frigidus
575 2141 677 2192 oecupet
691 2129 800 2177 herbam.

122 2216 202 2268 cum
218 2208 328 2261 medium
346 2206 402 2259 corli
420 2206 494 2255 Titan
512 2202 677 2253 conscenderit
691 2205 794 2264 orbem,

123 2297 207 2345 Tunc
222 2290 290 2339 bibet
303 2290 403 2351 irriguos
418 2282 489 2337 tellus
502 2280 616 2330 iaetiisrma
629 2284 703 2329 rivos.

122 2365 200 2415 Dein
219 2376 284 2411 anno
299 2372 405 2408 mutante
418 2359 503 2415 vices,
521 2368 548 2401 tu
567 2368 676 2417 tempora
693 2366 776 2403 musas

123 2442 251 2506 Namque
265 2432 389 2501 superfusis
404 2433 497 2499 plantas
514 2430 590 2479 asole
602 2430 705 2480 calentes

123 2522 225 2572 Ureret
241 2517 319 2573 imber
335 2512 505 2580 aquistaestivo
522 2525 630 2577 tempore
642 2525 730 2575 pronos

125 2594 259 2659 Hesperia
271 2590 374 2638 Phoebus
388 2587 428 2634 seu
441 2599 534 2650 mergat
546 2588 571 2633 in
585 2599 679 2650 aequore
691 2596 791 2644 eunus,

123 2671 193 2723 Eois
210 2662 292 2715 redeat
309 2664 349 2714 seu
365 2662 495 2716 matutinus
513 2661 542 2709 ab
560 2657 648 2719 undis,

125 2744 241 2798 Edonas
259 2744 334 2807 puteis
350 2737 450 2807 queruli
466 2753 582 2803 compage
596 2750 714 2791 rotarum,

127 2824 247 2883 Tempus
260 2817 305 2866 erit
320 2828 373 2863 toto
387 2812 497 2884 lyruphas
513 2810 646 2876 dispergere
662 2826 757 2875 campo,

166 2896 235 2946 Vere
248 2909 315 2943 novo
326 2891 412 2941 lenens
426 2885 527 2940 viridem
542 2886 599 2950 edm
608 2886 683 2944 meffis
698 2890 723 2934 in
735 2886 834 2944 herbam
861 2923 865 2927 Α

127 2973 270 3036 Tollitur,
286 2974 311 3033 pc
331 2968 447 3033 Zephyris
460 2966 552 3015 hiscens
566 2964 620 3013 rosa
633 2962 747 3013 mollibus
761 2980 828 3022 auras

130 3050 231 3133 &replet
249 3046 326 3108 odore
341 3060 425 3109 noro,
440 3040 557 3117 flpresque
569 3038 782 3169 induta'rttsutsr¹
824 3090 827 3094 ,
855 3086 864 3106 r,
887 3096 895 3104 ,
