2359 3975
284 489 350 586 198
412 493 615 560 Praorr
643 490 870 562 Rusrrcr

279 609 390 658 Excutiat
403 607 466 658 latus
481 608 580 658 illabens
595 609 750 673 pulmonibus
765 611 876 670 humor,

279 687 328 735 Aut
342 683 474 732 intermiffis
490 683 549 732 furit
563 684 656 733 restibus
672 683 738 733 arida
751 684 845 743 febris,

281 759 375 812 Iudicat
390 759 505 810 hortensis
519 761 538 811 fi
553 779 607 828 quae
623 762 683 812 serat
698 765 772 812 herba
786 763 898 813 salutum.

282 840 348 888 Tum
364 845 456 908 maiora
472 859 589 908 crepans,
609 841 672 892 ridet
685 840 787 908 potuisse
801 843 913 892 Deorum

282 911 336 964 Effe
351 915 407 964 loco
423 915 546 982 quondam
562 934 661 982 portum
676 919 812 982 cepasque,
828 917 924 981 suisque

282 993 398 1042 Mortales
414 992 513 1044 coluisse
529 996 606 1043 saturn
624 993 668 1042 sbi
682 994 781 1043 Numen
794 995 822 1041 in
838 994 938 1051 hortis3

283 1068 315 1116 Et
329 1070 414 1118 vetetis
432 1067 523 1118 famosa
537 1068 611 1118 refert
624 1067 750 1118 mendacia
764 1068 856 1126 sam,

284 1145 393 1194 Pluribus
408 1161 536 1206 enarrans,
553 1161 581 1195 ut
596 1148 691 1196 brassica
704 1161 761 1196 nata
773 1147 879 1209 Lycurgi

284 1221 323 1269 Dc
339 1221 470 1283 lacrymis,
486 1225 546 1273 vites
562 1227 636 1272 etiam
652 1239 716 1272 nuuc
730 1221 810 1272 oderit
825 1223 921 1271 almas:

206 1341 209 1350 ,
285 1299 348 1347 Vitis
357 1313 392 1347 ut
407 1301 456 1364 ipsa
470 1315 535 1349 retro
549 1298 700 1350 tendentibus
715 1299 788 1366 usqud
803 1299 907 1365 flagellis

286 1374 426 1439 Diffugiat,
445 1375 533 1426 serrum
548 1376 616 1427 velut
631 1380 658 1426 in
672 1375 787 1426 frondosa
801 1378 929 1442 Lycurgus

284 1450 385 1501 Brachia
400 1453 477 1500 rursus
493 1467 567 1516 agat,
584 1453 721 1518 veteresque
736 1454 859 1502 resuscitet
875 1456 934 1503 iras.

320 1525 372 1590 Ipsa
386 1527 549 1592 Meliphyllou
563 1527 650 1576 humili
666 1526 698 1578 de
712 1529 799 1593 cespite
812 1526 870 1576 tufo

287 1599 306 1648 f
308 1599 358 1649 lore
365 1605 470 1662 micans,
479 1603 536 1668 Apis
546 1601 657 1670 (iuquit)
665 1617 718 1652 erat
725 1638 734 1662 ,
742 1619 816 1668 quam
823 1601 897 1650 Plora
903 1602 1021 1654 latentem

289 1674 374 1724 Nescia
390 1676 446 1725 crim
461 1693 579 1742 premeret
594 1675 696 1743 digitis,
712 1678 736 1726 se
750 1673 848 1727 vindice
864 1675 923 1726 ledi

288 1750 400 1816 Cuspidis
415 1752 520 1804 indoluit
534 1757 622 1819 punctu
636 1773 644 1802 ι
658 1771 736 1819 neque
750 1754 815 1802 lenta
829 1752 959 1802 volantem

290 1828 364 1878 Purra
377 1830 457 1878 secuta
473 1847 538 1878 ream
553 1831 586 1878 est
598 1849 605 1878 z
616 1834 644 1880 iu
657 1829 745 1882 odoras
757 1845 856 1894 utraque
872 1833 960 1880 crescit

289 1907 336 1954 ula
351 1923 450 1966 comas,
468 1907 593 1975 subitique
608 1907 679 1974 pedes
695 1907 775 1958 radice
791 1922 925 1966 tenentum

290 1983 417 2049 Herbaque
432 1982 480 2044 fit,
496 1984 545 2051 qua
558 2002 610 2037 nou
624 1984 752 2052 iucundior
766 1984 840 2035 altera
855 1986 945 2037 tristes.

290 2060 368 2111 Curat
382 2078 454 2125 apes,
476 2060 597 2127 medicata
610 2079 700 2113 vocant
715 2067 741 2112 iu
756 2066 816 2112 testa
832 2062 930 2127 iirgaces
942 2066 972 2124 ,'

290 2138 322 2188 Et
335 2136 402 2188 dulci
417 2138 500 2189 fractas
514 2156 623 2203 reparant
641 2141 768 2204 spiramine
786 2143 857 2190 vires.

324 2214 417 2265 Interea
431 2232 515 2280 pueros
530 2216 612 2265 Olitor
629 2215 796 2282 famulumque
811 2219 978 2283 sequentem,

289 2295 315 2344 Si
330 2291 390 2361 quid
406 2291 550 2361 displiceat,
568 2295 647 2345 verbis
662 2294 761 2359 castigat
776 2296 862 2343 amaris
875 2312 884 2353 3

292 2369 345 2419 Nec
359 2366 440 2419 laudes
453 2372 537 2421 reticet
551 2371 647 2419 meritas
664 2386 671 2416 z
686 2385 745 2418 uam
759 2366 830 2418 laude
843 2368 883 2418 vel
897 2370 964 2433 ipsos

292 2447 417 2511 Agricolas
431 2446 545 2495 stimules.
562 2444 663 2495 Tuncsi
679 2448 733 2512 quir
745 2445 775 2495 ab
790 2446 874 2494 arbore
890 2445 980 2494 fruetus
1013 2444 1019 2450 ”

294 2522 394 2573 Decidit
405 2540 459 2573 ante
471 2524 551 2584 diem,
565 2524 625 2590 legit
633 2528 704 2590 ipse,
718 2523 869 2590 domumque
880 2536 995 2587 reportat.

296 2598 320 2647 Si
334 2617 381 2665 qua
394 2600 448 2649 solo
463 2605 526 2666 jacet
539 2604 631 2663 herba,
647 2605 712 2667 gravi
727 2601 744 2650 si
758 2600 865 2668 pondere
878 2616 959 2649 ramus

294 2678 430 2739 Flesiitur3
447 2696 460 2729 e
478 2695 540 2732 terra
557 2681 668 2743 relevat,
686 2680 799 2747 futcique
815 2682 911 2729 bicorni

296 2754 418 2816 Sustinet,
433 2759 506 2823 inque
522 2756 572 2809 dies
589 2775 662 2824 opera
679 2755 822 2810 instituenda
841 2759 967 2822 sequentes

297 2834 413 2900 Defignat
422 2871 431 2897 ,
448 2836 517 2886 licito
534 2853 656 2902 apponens
672 2839 744 2885 ctiam
761 2838 812 2885 otia
824 2834 908 2897 sucro.

330 2912 420 2963 Felices
434 2917 561 2968 hominurn
578 2929 646 2963 curas
662 2914 668 2963 l
684 2930 742 2978 quac
758 2915 820 2961 inter
836 2914 924 2979 iniquo

300 2984 358 3037 Non
374 2990 475 3051 sceleri,
492 3006 542 3040 non
556 2988 652 3041 invidie
667 2990 734 3039 locus
750 3007 757 3039 c
772 2981 832 3037 unus'
847 2993 874 3038 &
889 2992 964 3041 hotto

300 3062 332 3115 Et
349 3062 468 3117 desideriis
484 3067 517 3118 est
535 3070 670 3128 terminus,
689 3082 735 3117 uua
751 3066 856 3119 setarum
