2359 3975
348 449 679 545 aoiooA.
788 483 883 588 xmp

259 604 261 615 ⁴
322 616 325 625 ·
394 592 635 642 THYRSIS.

147 690 207 741 Sum
222 684 331 739 numeris
344 688 441 753 impar,
457 684 500 737 nisr
515 687 600 737 Delius
617 699 706 737 annuat
720 684 789 735 aulis.

393 786 642 843 DAPHNIS.

146 886 267 944 Annuet3
287 883 326 933 hic
342 898 426 937 vatum
440 879 506 933 Deus
524 883 576 942 est3
596 880 663 932 dabit
679 896 735 947 apta
749 875 829 930 dolori

149 958 270 1011 Carmina
281 980 287 1009 :
299 958 359 1010 dum
369 963 476 1010 canimus
486 961 617 1025 Mopsum,
628 958 759 1008 celebratur
766 957 866 1023 Apollo.

392 1058 637 1113 THYRSIS.

149 1150 279 1211 Quantum
296 1152 416 1201 Romuleo
433 1154 455 1202 se
472 1154 573 1204 Mantua
590 1156 661 1220 laiht
677 1152 768 1215 olore,

151 1230 233 1279 Gallia
250 1232 274 1279 se
293 1229 388 1279 tantum
404 1230 491 1296 Mopso
506 1233 608 1297 jastabat
622 1231 743 1290 alumno,

151 1302 185 1353 Et
199 1320 281 1354 tamen
296 1307 387 1355 interiit
403 1306 410 1354 i
428 1304 532 1355 crudelia
549 1308 648 1356 numina
665 1321 760 1356 tantum

92 1409 95 1415 ·
152 1381 212 1441 Quae
230 1382 286 1431 sunt
301 1384 356 1432 ausa
370 1381 445 1431 scelus
461 1384 468 1433 i
486 1381 600 1432 Lachelin
616 1382 698 1432 feralia
714 1396 811 1433 nentem

152 1460 260 1510 Stamina
279 1476 330 1509 non
347 1462 427 1524 potuit
441 1460 547 1509 Phoebeo
564 1462 659 1509 vincere
675 1474 767 1519 cantu,

153 1532 270 1584 Carmine
280 1536 321 1600 qui
332 1536 412 1599 potuit
420 1535 571 1590 tenebrosum
581 1537 717 1585 Acheronta
726 1551 832 1586 movere.

331 1630 334 1637 '
394 1616 644 1681 Tirinus.

155 1718 219 1769 Proh
230 1720 312 1785 Superi
324 1722 330 1770 l
342 1722 442 1788 Mopsus
452 1724 521 1787 periit
533 1720 539 1770 Ξ
553 1737 630 1786 neque
640 1719 752 1770 Numinis
761 1718 823 1767 iram
872 1720 875 1725 ’
968 1722 971 1734 “

154 1798 247 1848 Averilt
262 1800 336 1863 pietas
348 1816 361 1858 3·
374 1816 437 1864 purae
454 1815 530 1865 neque
545 1795 647 1847 candida
659 1798 746 1846 mentis

156 1872 317 1937 Simplicitas,
333 1887 410 1939 neque
423 1870 485 1923 reii'a
499 1871 574 1933 fides,
589 1876 615 1922 δι
631 1872 705 1921 castus
717 1873 786 1921 avita

155 1951 299 2017 Relligionir
316 1967 404 2012 amor,
419 1968 495 2017 neque
507 1953 581 2001 virtus
595 1952 669 1999 inscia
683 1948 753 2008 fuci3

155 2030 232 2079 Aurea
246 2045 291 2077 nec
307 2043 404 2078 morum
418 2030 524 2094 species,
541 2031 565 2078 δι
583 2025 672 2076 blanda
686 2028 809 2085 senellam

156 2106 208 2156 Nec
224 2108 307 2170 potuit
319 2105 443 2170 probitas,
460 2105 519 2154 culti
534 2121 611 2170 neque
626 2106 701 2168 gratia
714 2105 794 2153 versus

157 2180 246 2234 Invisas
259 2184 362 2231 retinere
377 2181 443 2232 colos
455 2217 463 2241 ‚
478 2185 509 2244 &u
518 2181 610 2230 fleuere
626 2179 728 2230 Parcas?

397 2283 421 2330 D
438 2282 459 2331 A
476 2283 493 2330 P
510 2281 534 2330 H
550 2281 575 2330 N
594 2282 603 2328 l
622 2283 646 2329 S.

157 2371 211 2422 Heu
224 2372 231 2422 l
244 2372 348 2422 memori
361 2369 460 2420 redeunt
474 2372 554 2420 animo
567 2369 702 2434 praenuncia
713 2366 789 2417 luania

157 2452 248 2500 Omina
264 2470 269 2498 :
284 2451 383 2498 funereo
398 2452 543 2498 crocitarunt
558 2461 653 2512 gutture
669 2449 752 2494 corvis

157 2531 217 2580 Non‘
230 2530 307 2579 solitis
323 2544 401 2580 turtur
415 2527 475 2578 fidos
491 2527 588 2578 deflevlt
604 2544 695 2575 amores

157 2609 292 2658 Planstibus
306 2625 314 2666 5
330 2605 447 2671 Agricola!
464 2603 544 2654 medio
560 2606 602 2652 sub
616 2605 711 2668 vespere
725 2603 815 2653 nostrai
849 2622 851 2625 ·

157 2685 277 2734 Dixerunt
292 2677 391 2730 ululaffe
409 2695 477 2728 canes
490 2697 498 2738 3
516 2681 542 2726 in
557 2677 662 2726 culmine
676 2677 740 2726 bubo

88 2793 93 2836 3
158 2763 272 2814 Incubuit
284 2759 358 2810 ferale
370 2756 463 2809 dolens.

406 2848 429 2896 T
445 2847 469 2896 H
484 2847 507 2895 Y
525 2847 546 2895 R
562 2848 576 2894 S
594 2845 605 2894 1
623 2843 667 2893 Sa·

569 2919 635 2982 Quid
649 2919 728 2968 laurea
739 2914 789 2966 uati

158 2987 274 3056 Profuit?
290 3003 373 3058 Ecce,
392 3016 440 3049 uno
454 3001 495 3066 qul
510 3002 583 3048 tostus
596 3000 655 3047 ruris
669 3011 749 3045 amore
762 3030 771 3055 ‚

157 3078 228 3132 unu
241 3080 339 3144 Sceptra
352 3091 456 3136 tenens,
472 3073 563 3139 utlaius
576 3088 687 3140 temppra
698 3071 788 3131 lauro,
828 3102 835 3113 a

822 2422 826 2453 l
