2359 3975
413 471 620 541 Linum
657 472 752 540 XV.
878 494 947 566 297

217 588 328 656 Umbla,
342 594 421 643 minax
434 591 510 641 rostro
526 590 567 641 sed
581 595 644 639 iners
657 590 690 641 ad
705 590 787 656 prelia
801 592 886 655 piscis:

218 668 284 721 Nam
300 670 356 722 licet
371 687 472 723 armatas
487 672 576 737 triplici
593 670 651 722 dene
668 671 753 723 ordine
771 671 850 721 fauces

217 748 332 808 Muniam
346 751 480 799 innumerae
496 763 577 798 tamen
591 752 662 798 irruit
676 765 736 799 unue
749 752 775 796 in
791 748 886 797 umblas

217 823 324 886 Lucius,
340 828 364 875 δι
381 825 462 889 passim
476 822 560 873 flunus
573 828 672 889 impune
688 839 798 874 cruentat
826 847 831 859 ·

207 901 291 962 ¹Cede
310 902 394 953 ferox:
407 899 467 951 adeo
485 900 518 949 est
531 904 624 950 animus
638 902 785 967 prestantior
800 905 882 951 armis.

249 980 361 1029 Ausoniis
377 980 450 1029 etiam
466 980 547 1028 veniet
562 981 698 1043 peregrinus
714 981 744 1029 ab
761 977 831 1029 undis

108 1092 120 1105 ,
216 1055 328 1121 Carpi03
346 1058 459 1105 ramentis
475 1054 536 1105 fulvi
552 1058 594 1121 qui
610 1058 795 1117 vestituram,

82 1170 113 1189 r,
217 1131 297 1198 Atque
318 1131 368 1181 alio
388 1133 476 1197 priscos
494 1136 519 1181 in
534 1148 635 1197 corpore
650 1136 727 1185 servat
739 1147 846 1184 amores:
902 1128 906 1135 ’

217 1207 281 1260 Exul
297 1212 362 1259 enim
375 1209 449 1260 Latiis
462 1209 524 1259 olim
541 1212 654 1260 Saturnue
668 1216 695 1261 in
709 1217 757 1263 oris

217 1282 284 1335 cum
297 1283 389 1349 fugeret
401 1285 466 1335 lovis
476 1301 559 1346 arma,
569 1301 645 1336 tatem
656 1287 843 1350 conscenderat,
852 1290 914 1341 ultra

215 1360 337 1411 Benacum
354 1360 454 1413 fastutus
469 1364 534 1421 itet;
549 1367 701 1430 pretiumque
714 1365 816 1417 vehendi
914 1426 920 1433 .

215 1440 346 1500 Solverat,
360 1454 430 1506 atque
447 1438 504 1490 dato
519 1440 595 1489 scelus
608 1444 742 1493 irritaverat
754 1462 821 1495 auro.

212 1516 315 1581 Jamque
329 1514 473 1579 gubernator
486 1517 574 1574 navis,
588 1518 734 1580 cognomine
747 1517 859 1585 Carpus,

208 1590 306 1640 Omnia
322 1591 398 1639 furaci
413 1588 482 1657 queld
494 1605 601 1656 carperet
614 1607 712 1657 ungue,
729 1598 827 1659 parabat

216 1666 304 1719 Vincla
320 1667 376 1717 Deo
388 1686 394 1716 ι
406 1682 513 1719 mentem
528 1683 557 1717 ex
571 1669 641 1719 vultu
656 1671 774 1735 praesensit
787 1677 912 1741 iniquam,

218 1742 365 1809 Ulrurusque
380 1742 446 1793 nefas
460 1746 534 1808 puppi
546 1745 660 1795 Saturnus
674 1747 705 1795 ab
718 1746 766 1797 alea

219 1819 345 1869 Retiorem
361 1821 491 1885 nautasque
507 1823 579 1869 maris
596 1818 684 1886 dejecit
698 1826 724 1872 in
740 1823 831 1886 undem

217 1892 386 1961 Naufragaque
401 1897 427 1945 in
441 1895 634 1961 piscesmutavit
646 1913 766 1961 corpote,
782 1916 853 1951 naves

216 1970 265 2032 Qui
281 1972 397 2024 sesiantur
410 1969 509 2033 adhuc,
525 1976 624 2040 aurique
639 1967 751 2040 cupidine
767 1976 886 2044 flagrarem

215 2049 290 2113 Seque
307 2047 367 2098 adeo
385 2047 490 2099 humani
505 2049 619 2099 testantur
632 2055 725 2116 origine
738 2069 825 2104 cretos.

247 2127 322 2180 Dives
339 2143 405 2193 aque
422 2127 439 2176 st
457 2128 519 2178 sorte
534 2130 599 2179 lacus
613 2130 730 2182 interfluit
742 2138 819 2183 amnis
827 2171 836 2196 ‚

214 2206 362 2257 Provenient
375 2206 461 2254 melius
475 2207 599 2256 maculoso
618 2221 710 2272 tergore
725 2209 833 2272 Eamus,

214 2282 247 2332 Et
262 2280 407 2340 Leucistm,
424 2295 510 2345 aquam
526 2277 634 2330 scindens
649 2298 698 2346 quo
713 2300 780 2332 more
795 2302 835 2349 per
848 2305 914 2337 aurat

215 2355 346 2410 Excuffum
361 2373 436 2407 nervo
450 2357 557 2422 jaculum
571 2357 659 2419 volat5
675 2358 738 2410 unde
750 2363 840 2427 sagirtae

215 2437 315 2488 Nomen
325 2436 398 2486 habet
407 2455 412 2484 ε
421 2439 478 2486 vivo
489 2435 595 2502 gaudent
606 2454 703 2505 quoque
714 2439 814 2492 flumine
823 2444 914 2493 Mullus

214 2517 383 2584 Perpetuisque
399 2531 477 2566 tumet
491 2531 573 2568 venter
588 2522 628 2568 cui
644 2519 727 2570 fertilis
744 2525 797 2571 ovis

216 2595 336 2646 Photinus
346 2629 354 2654 ,
366 2597 392 2644 δι
407 2594 482 2644 rostro
495 2592 588 2647 foditat
598 2611 651 2662 que
666 2597 770 2648 Barbota
782 2598 887 2660 limum,

216 2674 326 2738 lataque
341 2673 420 2722 setoso
436 2671 523 2737 pendet
537 2676 577 2722 cui
593 2674 692 2723 barbula
708 2691 810 2734 mento,

214 2749 248 2799 Er
263 2747 383 2814 Squalut‚
398 2751 424 2797 &
439 2763 501 2798 rante
517 2751 577 2798 risiu
590 2750 703 2800 Mustella
718 2753 817 2817 superni

216 2825 305 2889 Turpis
314 2857 322 2883 ,
330 2826 357 2872 in
366 2823 498 2888 anguillam
512 2840 565 2889 que
574 2823 678 2886 definit,
690 2843 761 2894 atque
773 2830 916 2893 Thymallue

218 2904 303 2953 Fontis
312 2915 408 2960 amans,
417 2899 566 2967 referensque
574 2903 653 2964 thymi
661 2900 786 2970 fragrantis
795 2907 914 2972 odorem,

216 2981 249 3032 Et
262 2977 362 3046 graciles
379 2975 460 3032 avidus
474 2981 516 3046 qui
530 2978 613 3032 Goblu
628 2981 707 3032 sorbet
719 2999 817 3046 arenas,
879 3021 883 3026 .

796 3074 851 3127 Ne
