2359 3975
315 467 383 552 116
460 467 650 537 Pnnorr
672 465 892 537 Rnsrrcr

311 589 376 641 Nam
392 584 504 640 foecunda
522 587 591 636 novis
606 587 631 633 se
647 584 761 634 frufflbut
775 582 856 634 induit
872 584 966 646 arbua

310 662 378 724 Quot
394 662 524 727 improviso
538 675 712 725 nonnunquam
729 659 820 724 frigore
828 659 924 711 earm

310 740 438 806 Occupat,
453 742 479 788 δι
495 735 561 788 dulci
578 739 689 802 prohibet
703 739 826 786 mitescere
838 739 920 788 succo.

342 816 445 868 Mollior
460 816 492 864 est
509 817 603 874 cirrus,
620 818 645 863 oc
659 817 752 879 magnit
767 815 872 864 obnoxia
888 817 973 866 cutiae

309 894 378 946 Hauc
392 893 435 945 nifi
447 894 588 944 strutiilibuc
602 895 668 941 testis
683 895 709 941 δι
720 893 833 942 stramine
845 893 926 942 multo

308 972 429 1025 Defendar
447 977 552 1023 hiemem
566 987 671 1032 coatrac
688 976 728 1023 vix
743 973 817 1038 frigus
831 988 929 1023 acumen

308 1049 406 1110 Durat,
424 1053 450 1100 in
467 1053 551 1116 apricis
569 1064 716 1115 quamquam
729 1047 758 1097 fit
774 1047 865 1098 coafita
879 1050 957 1097 tertia·

309 1125 435 1178 imbellem
449 1131 514 1194 capit
528 1143 587 1177 urna
604 1143 677 1192 capax
689 1143 697 1186 3
711 1131 737 1176 &
753 1126 851 1176 mobilis
866 1126 938 1174 arbor
993 1159 998 1166 -

309 1205 410 1255 AEstivos
426 1202 507 1253 medio
524 1204 584 1253 soles
599 1220 662 1253 nunc
677 1218 758 1269 captat
771 1207 797 1253 in
813 1206 903 1261 hotto,

307 1282 445 1331 fornicibus
463 1297 526 1330 nunc
545 1283 588 1329 sub
604 1280 682 1346 longia
696 1284 794 1346 impune
811 1279 917 1330 furenter

306 1356 382 1408 Audit
396 1373 447 1408 tuta
461 1358 540 1408 Notos
553 1376 558 1406 r
571 1363 597 1408 δι
614 1357 670 1407 crim
686 1361 766 1423 riget,
783 1373 856 1424 atque
868 1355 967 1408 caduci·

307 1432 380 1484 Nuda
394 1439 470 1485 comis
482 1434 591 1485 deforme
603 1448 675 1500 caput
687 1434 733 1485 fert
746 1451 846 1502 quercus
861 1439 887 1484 in
899 1451 988 1497 auras,

307 1511 411 1568 illesum
425 1517 511 1565 retinet
527 1517 599 1563 cittua
616 1529 684 1564 aurea
702 1512 794 1564 frondis
811 1516 952 1575 honorem,

278 1591 281 1600 ’
307 1590 421 1658 Maiaque
435 1590 545 1642 floriferis
558 1594 648 1641 haerent
663 1588 791 1656 pendentia
805 1594 886 1641 ramis.

266 1661 268 1666 ’
340 1669 430 1734 Lignea
447 1686 500 1737 qua
515 1672 587 1719 cirros
601 1668 724 1734 gestabunt
736 1671 811 1728 vasa,
826 1670 868 1718 sub
882 1667 939 1719 altit

307 1747 460 1808 vorticibus,
478 1750 535 1796 serie
552 1747 625 1812 longi
640 1749 766 1814 spatiisque
779 1752 872 1799 viarum

305 1822 372 1873 Inter
382 1826 407 1894 vsc
421 1826 515 1889 paribus
529 1822 615 1874 distent
627 1840 635 1882 3
651 1839 678 1874 ut
691 1826 753 1875 Vere
766 1824 851 1874 fruaris

307 1897 440 1965 Perpetuo:
454 1916 476 1950 te
493 1917 597 1967 namque
610 1900 679 1951 domi
689 1900 706 1951 fi
717 1899 814 1968 quando
827 1901 942 1952 tenebunt

306 1971 374 2027 Invia
387 1974 426 2026 vel
441 1974 510 2025 tellus
523 2011 531 2037 ,
546 1992 586 2027 aut
600 1978 747 2028 intractabile
759 1977 870 2036 coelum3

204 2082 215 2091 .
305 2048 442 2114 frigoribus
460 2048 546 2100 mediis
558 2052 693 2117 spatiaberir
706 2054 769 2101 inter
784 2050 871 2101 odoret

306 2122 374 2174 Veris
387 2160 396 2187 ,
413 2130 438 2176 δι
454 2127 569 2177 Autumni
584 2127 744 2194 pulcherrima
757 2126 839 2187 dona,
853 2126 943 2176 vitenti

254 2229 257 2237 ·
307 2201 384 2254 Poma
398 2204 468 2255 fimul
481 2208 611 2272 niveosque
624 2206 744 2271 legenter
757 2206 840 2254 arbore
854 2201 935 2252 florea.

338 2280 481 2349 Despeiiura
500 2298 577 2334 truces
592 2283 652 2333 olim
667 2298 716 2331 nux
732 2278 845 2348 grandior
858 2280 935 2330 Euro·

226 2358 231 2363 '
306 2353 397 2421 Apticis
413 2357 534 2409 adolescat
550 2362 625 2425 agria:
636 2360 671 2407 ibi
683 2359 774 2406 semina
785 2358 863 2421 prima

305 2432 448 2486 Humidular
465 2433 557 2500 depone
569 2452 641 2485 nuces
654 2452 663 2494 3
674 2434 803 2499 testamque
816 2434 937 2481 minorem

305 2510 400 2574 subjice
413 2528 421 2569 i
434 2508 537 2559 radicem
552 2513 649 2560 nascens
661 2524 690 2559 ut
703 2509 774 2559 latius
787 2508 857 2557 arbor
1081 2549 1084 2554 ,

305 2585 423 2650 spargat,
440 2589 465 2635 δι
481 2587 557 2635 insani
571 2584 696 2652 quondam
712 2588 763 2636 vim
776 2582 877 2650 perferat
893 2582 983 2632 Auſtri.

338 2664 432 2731 Terque
441 2664 663 2733 quaterque'solum
672 2665 752 2730 ptimo
762 2679 810 2711 nux
820 2675 899 2710 mutet
909 2664 937 2711 in
946 2679 1014 2713 revoc

305 2742 369 2795 Nam
384 2744 460 2809 patrii
475 2743 549 2794 veluti
563 2742 647 2809 procui
662 2758 677 2792 a
690 2741 774 2792 tellure
789 2745 900 2806 juventus

304 2820 400 2873 Crescit
414 2820 483 2872 laude
496 2821 560 2873 nova
570 2840 577 2871 r
589 2823 675 2870 teneris
692 2818 724 2869 tic
739 2820 809 2867 arbor
822 2821 848 2865 in
863 2820 933 2869 anaia

305 2893 395 2946 Nativo
411 2897 520 2951 transsata
535 2896 588 2947 solo
602 2909 674 2961 caput
686 2893 757 2944 altius
770 2892 858 2951 effert,

304 2970 337 3025 Et
351 2990 430 3025 ramos
447 2973 509 3026 foetu
521 2988 604 3041 gravat
620 2973 729 3023 uberiore
743 2983 876 3021 comantem
