2359 3975
320 487 370 566 70
449 467 655 538 Partim
679 467 902 538 Rusrtcr

353 585 394 636 Est
402 585 461 651 lapis
472 585 525 636 Eoo
535 602 609 652 nuper
619 584 712 638 delarue
725 589 755 636 ab
769 587 828 636 orbe

322 667 436 729 Subniper
452 666 478 722 δι
492 664 568 713 levior
579 699 587 725 ‚
598 667 735 730 serpentum
746 666 847 714 nomine
856 659 950 722 uuus,

320 742 402 803 Quem
414 738 432 790 fi
444 755 525 790 tecum
534 742 621 790 habeat
632 775 641 801 ,
652 739 733 790 securi
741 743 854 789 innoxius
863 756 951 804 anguet

320 819 374 869 lam
391 821 479 884 poterit
492 819 590 867 rraeiate
600 834 682 868 manu.
699 819 817 882 Serpentis
830 815 862 866 ad
874 820 949 866 tuum

320 888 453 955 Applicitus
468 888 526 956 lapis
541 891 567 939 in
584 891 632 939 sese
651 891 724 940 trahit
735 907 808 939 omne
819 885 960 948 venenum,

319 961 394 1024 Quotl
410 966 513 1014 revomit
522 964 561 1013 vel
575 963 637 1030 aqui
646 966 735 1014 mersus
744 964 784 1015 vel
794 965 853 1014 laete
864 969 964 1030 tepenti.

318 1039 385 1100 Quin
400 1044 425 1090 ot
438 1039 589 1090 mortiferam
604 1040 665 1107 lapis
678 1039 745 1092 idem
757 1043 821 1107 sugit
834 1044 865 1091 ab
878 1042 934 1091 altis

317 1113 463 1164 Vulneribus
477 1114 557 1164 tabem
570 1132 578 1172 3
589 1115 712 1181 plagaeque
727 1112 832 1164 tenacius
845 1117 937 1174 haret,

318 1190 404 1243 Ebrius
422 1191 532 1242 exhausti
545 1193 610 1242 sanie
625 1190 685 1242 dum
701 1192 789 1243 labitur
806 1192 880 1242 ultro.

350 1269 476 1319 Lethiferae
488 1266 548 1335 quid
565 1266 618 1318 dira
632 1268 718 1334 loquar
728 1272 840 1334 contagia
852 1269 939 1334 peliis,

318 1345 378 1408 Qua
395 1344 515 1397 desolatos
528 1348 601 1396 tauris
617 1346 749 1396 cultoribus
764 1363 834 1412 aptot

317 1424 437 1491 Praecipiti
451 1423 550 1475 viduant
564 1426 620 1474 casu
631 1427 640 1474 i
651 1441 692 1489 per
704 1422 779 1476 florea
794 1424 875 1491 paffim

317 1501 380 1552 Arva
391 1530 401 1561 ‚
411 1518 453 1567 per
467 1501 580 1554 herbosos
593 1501 666 1551 (aluus
675 1504 812 1550 moriuntur
823 1535 833 1561 ‚
846 1505 871 1549 o:
889 1515 957 1550 auras

316 1577 398 1628 Latitls
408 1577 519 1628 inficiunt
528 1596 535 1628 ι
545 1577 641 1628 stabulis
651 1595 711 1645 quos
721 1580 816 1643 uespere
826 1576 910 1627 claufit

315 1654 419 1704 villicus
433 1655 580 1712 incolumes,
597 1654 676 1706 emili
692 1657 762 1706 nolle
775 1659 888 1721 juvencos

316 1729 355 1781 Ad
368 1734 473 1782 saturum
487 1734 587 1798 persepe
604 1730 671 1782 videt
684 1733 794 1797 suprema
806 1747 947 1798 gementem

316 1806 368 1860 Nec
382 1809 455 1857 semel
471 1813 570 1858 incurvo
584 1809 696 1874 subigunt
707 1806 767 1858 dum
776 1825 873 1860 vomere
890 1823 997 1865 terram,

315 1883 383 1933 Alter
398 1887 467 1934 humi
481 1881 546 1934 cadit
558 1887 621 1934 iuter
636 1901 696 1950 opus
707 1886 848 1953 ;sociusque
863 1885 975 1935 laborum

316 1956 444 2024 Comparis
461 1961 560 2009 exitium
576 1956 637 2009 dum
648 1955 691 2009 flet
705 1957 820 2020 crudele,
833 1959 954 2025 trahitque

314 2031 440 2082 Extremos
456 2030 487 2082 ad
501 2036 551 2098 apri
566 2030 626 2081 linet
638 2033 753 2099 exsangue
771 2030 872 2083 cadaver
880 2066 890 2092 ,

315 2108 433 2161 Concidit
445 2112 494 2175 ipse
512 2112 584 2175 super
597 2108 657 2159 lethi
673 2126 774 2170 comet,
788 2106 882 2178 udaque
897 2104 956 2157 fletu

314 2182 416 2238 claudit
428 2188 454 2235 in
467 2200 579 2235 eternam
590 2186 719 2237 morientia
728 2185 822 2236 lumina
831 2187 936 2258 uoiiem.

347 2263 447 2314 Tristior
457 2260 558 2312 infixum
568 2261 654 2312 tellure
664 2261 784 2313 Bubulcus
795 2276 900 2311 aratrum

313 2340 410 2399 Tollit3
425 2344 450 2391 oc
464 2341 589 2406 imponent
601 2355 663 2389 onut
675 2339 797 2391 illztabile
809 2339 894 2400 tollo,

313 2419 420 2471 Nuntius
431 2422 451 2467 lt
464 2421 565 2483 geminae
577 2420 679 2477 mortis,
691 2417 803 2488 lueiuque
813 2432 910 2483 penates

212 2558 216 2566 ⁸
312 2496 367 2548 Net
379 2498 445 2546 vanis
458 2494 544 2561 implet
553 2497 634 2545 vicina
647 2494 752 2558 mapalia
767 2495 839 2543 curie.

312 2572 377 2639 Ergo
387 2572 429 2621 ubi
443 2572 502 2621 sava
517 2569 566 2619 lues
581 2569 687 2628 iuceffit3
700 2569 751 2617 sola
760 2584 867 2620 remotos

311 2649 343 2702 lh
354 2649 427 2700 saltus
441 2646 524 2715 procul
544 2649 569 2698 δι
584 2660 679 2698 montet
694 2660 802 2697 armmta
814 2648 942 2714 relegans,

312 2728 437 2782 Conserva
450 2742 502 2795 quae
515 2727 570 2777 sana
581 2728 683 2791 vigent,
695 2727 832 2791 &corpora
846 2726 903 2777 fatis

312 2808 386 2875 Egra
402 2810 449 2858 suis
461 2807 572 2872 permitte
584 2837 593 2862 ,
603 2805 669 2854 uiam
683 2819 728 2853 nec
744 2819 823 2870 quare
839 2802 953 2856 medendi
965 2825 974 2867 ὅ

313 2882 454 2937 Cirrilliadit
465 2898 611 2950 quamquem
622 2915 631 2942 ‚
644 2878 703 2931 divo
714 2896 793 2931 rerum
805 2882 899 2945 auspice
909 2884 997 2933 Rocho

313 2960 357 3011 Nil
370 2957 555 3027 desperandum:
567 2962 635 3010 rivus
647 2960 689 3025 qui
699 2958 791 3024 profuit
799 2955 860 3007 olim
867 2992 876 3018 ‚

314 3038 346 3090 Et
359 3038 446 3102 pestem
459 3040 539 3102 patriis
554 3034 647 3087 orando
659 3033 753 3100 depulit
764 3036 830 3092 orit;

314 3112 392 3167 Nobis
407 3112 479 3181 usque
494 3111 570 3161 bonus
581 3142 591 3173 ,
601 3109 754 3179 precibusque
769 3108 890 3179 potentior
907 3106 976 3160 idem
