2359 3975
350 454 560 525 Linnn
597 453 719 525 XVI.
832 470 900 553 325

170 572 216 624 Per
232 568 339 621 medium
356 572 427 623 curvi
444 573 488 621 stac
501 570 618 638 pendulus
633 572 716 621 arbore
728 570 828 621 clivum.
839 582 852 592 “

170 649 219 700 Sed
232 665 304 699 nocet
317 649 365 715 ipse
381 650 444 709 sua,
462 649 510 715 qui
528 650 633 699 consulit
646 663 697 698 arte
710 683 718 709 ‚
734 648 821 699 salutia

170 726 236 777 Nam
252 724 333 777 medio
349 726 418 776 tensis
435 725 494 776 dum
510 724 599 791 pendet
614 730 640 776 in
654 732 706 777 ae‘re
722 728 855 787 membris3

169 804 229 856 Non
244 802 353 855 adeunda
368 802 466 870 quidem
483 806 581 854 canibus
594 840 602 865 ,
620 803 660 855 sed
675 808 756 870 pervia
768 805 872 869 plumbo

171 884 231 933 Saxa
245 899 347 943 tenens,
364 888 390 934 δι
407 882 494 950 glande
510 883 572 935 latus'
588 882 713 935 uansfixus
730 883 832 945 acerbi,

169 962 259 1014 Infelix
276 967 338 1029 perit
356 978 410 1014 ante
427 962 509 1014 diem:
522 962 539 1015 fi
555 967 612 1016 viva
626 962 707 1015 suisset

169 1038 276 1091 Nodofie
291 1038 342 1093 feta
356 1054 424 1106 capta
439 1040 515 1106 plagis
528 1058 536 1101 3
552 1037 683 1091 habitanda
698 1041 845 1101 manebant,

169 1112 219 1161 Pro
234 1111 306 1161 sterili
322 1112 427 1172 tellure,
444 1113 499 1163 feris
517 1131 562 1180 pro
577 1115 720 1173 montibus,
741 1131 797 1165 arva

170 1188 316 1246 Graminea,
325 1190 351 1236 bc
362 1203 488 1237 nemorum
499 1188 554 1239 loca
564 1188 621 1238 laeta
628 1188 758 1238 virentibus
770 1189 870 1238 umbrie.

171 1262 262 1329 ignavi
276 1262 308 1313 fic
323 1266 383 1329 saepe
397 1263 463 1315 cadit
478 1263 610 1315 formidine
622 1264 683 1315 leciri

171 1323 324 1395 incdnsultua
340 1346 416 1395 homo
428 1364 434 1393 a
446 1343 477 1395 fic
492 1347 542 1409 spes
556 1347 648 1411 abjeiia
662 1344 743 1398 salutis
755 1369 759 1384 ¹

173 1422 309 1488 Pracipitat
323 1437 445 1483 mortem,
461 1421 516 1471 faris
530 1420 710 1472 dubitantibuez
721 1424 798 1488 ipsam

173 1499 239 1551 Nam
250 1502 354 1550 Fortuna
368 1499 431 1549 solet
448 1498 501 1563 post
517 1513 603 1547 cetera
621 1497 706 1548 tollere
724 1514 841 1550 mentem.

207 1575 294 1625 Nullus
309 1577 354 1624 etit
369 1572 462 1622 nostroe
478 1574 520 1637 qui
538 1570 636 1637 dignior
652 1574 733 1622 incola
749 1571 821 1623 saltus

173 1654 302 1719 Occupet,
316 1650 437 1703 indomiti
454 1650 529 1718 quim
546 1654 587 1717 qui
603 1655 694 1703 cervice
708 1656 822 1717 juvencus

174 1729 254 1781 Altior
269 1724 402 1793 ingreditur
421 1724 489 1775 silvas
503 1761 512 1787 ,
525 1726 618 1777 alterna
633 1728 735 1791 superbo

176 1805 255 1858 Crura
270 1820 369 1856 movens
384 1803 444 1853 fastu
456 1838 465 1862 ‚
484 1803 550 1852 lucos
565 1803 697 1869 mugitibus
708 1807 772 1853 imos

175 1882 338 1941 Tertificans;
354 1885 378 1931 ὃ(
395 1877 472 1930 adesse
487 1896 609 1941 monens,
629 1882 668 1929 cui
683 1879 770 1945 vulgus
785 1882 876 1931 inerme
913 1945 915 1949 ι

175 1957 276 2021 Cedat,
292 1964 316 2012 δι
332 1960 448 2025 obsequio
465 1972 590 2008 veneretur
607 1956 713 2024 supplice
729 1973 821 2024 regem.

103 2079 107 2085 .
209 2041 336 2090 Saltibuse
355 2042 436 2105 patriis
455 2042 580 2105 quemvis
600 2042 704 2090 humana
717 2038 832 2100 revulsit,

175 2115 278 2180 Agrestis
294 2117 408 2164 comitem
421 2116 476 2162 vitae
491 2115 630 2178 sociumque
648 2113 777 2173 laborum,

81 2220 84 2256 3
176 2188 292 2252 Hospitio
310 2201 437 2234 nemorum
451 2199 530 2233 taurus
545 2184 659 2235 reddatur
674 2189 758 2256 avito,

177 2263 210 2314 Et
228 2261 335 2328 placidos
351 2264 425 2326 agitet
441 2259 570 2325 tranquilla
584 2277 627 2324 per
640 2264 691 2309 otia
707 2260 767 2310 soler
776 2279 785 2320 3

178 2341 343 2405 immunisque
360 2353 477 2402 operum,
488 2339 568 2385 vacuis
582 2335 621 2385 vel
636 2337 778 2387 obambulet
792 2343 875 2407 agria,

180 2418 296 2468 Gramina
310 2414 436 2482 depascens
454 2418 536 2480 pingui
551 2416 676 2464 vernantia
693 2430 779 2480 prato;

179 2491 226 2542 vel
243 2494 306 2544 satur
321 2493 434 2541 umbroso
450 2491 549 2539 salicum
567 2492 611 2538 sub
627 2491 753 2554 tegmine,
769 2492 840 2542 molli

82 2573 83 2582 ¹
180 2568 264 2619 fultus
278 2569 372 2628 humo,
384 2567 528 2632 procumbat
537 2568 617 2624 inere,
630 2569 655 2615 δι
669 2567 773 2616 ruminet
786 2570 879 2620 herbas.
912 2559 917 2563 ’

215 2644 260 2693 llle
276 2643 373 2710 quidem
390 2645 448 2694 iove
465 2643 508 2692 sub
523 2641 590 2692 nudo
605 2646 744 2707 pernoeiat3
758 2649 782 2694 bt
797 2646 853 2696 aliie

82 2765 83 2768 ,
184 2721 303 2772 Silvarum
320 2722 415 2770 latebris
432 2724 536 2769 hiemem
552 2716 663 2769 defendit
677 2723 800 2786 aquosam.
871 2733 875 2743 ¹

182 2800 242 2850 Non
260 2800 342 2847 saturis
360 2799 452 2846 habitat
467 2795 562 2844 stabulis
574 2794 677 2847 :sudore
691 2795 818 2847 madentes
842 2855 845 2862 Ι

184 2870 260 2920 Nulla
281 2868 351 2918 fricat
368 2869 441 2918 costas
457 2883 541 2917 manue
556 2866 664 2917 officiosa
678 2869 796 2920 Bubulci:

184 2943 231 2994 Sed
248 2961 325 3012 neque
343 2944 406 2993 colla
420 2946 477 3009 jugo
493 2945 627 3008 supponere
643 2947 727 3009 cogit,
747 2948 870 3010 anteibit,

183 3020 290 3086 Tergora
301 3036 345 3070 nec
362 3018 462 3070 stimulis
478 3020 545 3082 urit,
558 3033 603 3068 uec
617 3017 696 3084 stipite
709 3035 805 3086 querno
