2359 3975
298 468 345 560 48
445 469 645 541 Priami
669 472 878 542 Rvsrrcr

297 589 344 641 Seu
358 586 443 653 strepat
456 585 572 637 obstantes
589 589 630 636 vix
647 588 761 639 eluiiatus
778 605 859 639 arenas

298 665 372 717 Rivus
386 671 475 732 inope,
492 667 563 733 pleno
578 666 625 718 five
640 667 788 718 ambitiofior
802 669 871 719 alveo

298 741 399 791 insultet
415 745 471 807 ripis
484 777 492 802 ‚
508 756 579 808 atque
595 741 668 791 obvia
681 744 736 793 saxa
749 741 864 792 laceliat:

299 819 364 870 Nam
374 839 450 888 neque
460 821 508 888 qui
518 821 605 887 pluviae
618 858 625 883 ‚
637 821 685 889 qui
697 822 743 873 frnt
754 825 783 872 ab
794 827 886 890 origine
897 823 999 890 fontes,
1059 867 1063 873 .

298 893 374 946 Nolle
382 892 507 957 suum‘est,
519 893 560 945 sed
568 895 616 963 qui
623 899 687 946 rivos
696 914 750 964 agat
758 913 807 948 arte
817 916 859 965 per
869 900 968 949 hortum
979 937 988 962 ,

298 973 331 1024 Et
345 977 429 1041 quibus
442 976 568 1025 instantem
582 974 652 1041 lignis
665 980 787 1043 presagiat
800 980 912 1028 imbrem.

331 1054 415 1105 Nescit
424 1059 449 1105 in
459 1057 568 1104 humanis
579 1059 693 1123 quorsum
704 1075 767 1107 nunc
780 1057 869 1126 frigore
880 1060 997 1112 membris

299 1128 371 1182 Nunc
388 1131 513 1180 alternanti
529 1130 600 1180 febris
616 1130 725 1182 desaeviat
737 1134 811 1184 astu:

300 1204 445 1274 Sedvquibus
463 1205 573 1267 auxiliis,
591 1210 617 1256 δι
634 1206 682 1273 qui
698 1211 818 1259 curabitur
832 1225 882 1260 arte

299 1283 358 1336 Non
366 1284 438 1345 latet;
448 1289 472 1335 δ(
481 1302 627 1352 quamquam
634 1284 743 1336 Medicas
751 1287 811 1338 nihil
819 1286 920 1353 amplitlr
929 1287 1016 1356 addat,

299 1361 355 1412 Post
370 1366 440 1414 seiles
455 1364 518 1414 ferro
532 1381 625 1425 venas,
644 1365 770 1434 fusumque
786 1384 915 1429 cruorem,

299 1439 399 1506 Imaque
412 1439 545 1488 malvarum
560 1437 642 1490 milsos
658 1443 683 1490 in
696 1444 785 1492 viscera
800 1443 901 1503 succos,

300 1515 332 1566 Et
344 1529 427 1565 contra
440 1517 518 1564 varios
534 1512 619 1563 eadem
634 1512 690 1565 data
704 1519 832 1582 pharmaca
845 1518 944 1568 morbos
955 1537 964 1579 3

299 1594 345 1645 Ille
364 1592 489 1643 salutiferis
503 1593 580 1643 febres
596 1598 621 1644 δι
638 1594 737 1645 vulnera
751 1598 818 1645 sanat

299 1675 416 1739 stirpibus
432 1688 472 1723 aut
487 1673 569 1732 foliis,
585 1691 662 1740 neque
677 1677 743 1725 fenfu
760 1689 857 1742 torquet
872 1691 955 1725 amaro

299 1750 396 1809 Labra,
411 1766 454 1798 nec
472 1751 548 1814 epotis
562 1752 650 1812 premit
656 1750 771 1822 intestina
784 1753 889 1801 venenis.

333 1829 356 1876 Ο
372 1829 379 1876 l
395 1829 439 1878 tibi
453 1826 527 1892 quim
540 1828 608 1875 vultu
622 1825 672 1877 rilit
688 1827 785 1878 fortuna
801 1831 902 1889 sereno,

301 1907 395 1956 Rustice
408 1924 415 1964 3
433 1905 515 1955 fivitae
528 1923 609 1956 comes
620 1907 709 1972 obtigit
718 1923 789 1975 atque
800 1909 910 1959 laborum
923 1943 931 1969 ,

301 1983 361 2045 Qua
371 1983 472 2037 studiosa
482 1989 533 2037 suas
541 2004 639 2053 peragat
649 2006 746 2057 quoque
756 1990 846 2039 Villica
855 2005 933 2055 partes
944 2024 953 2052 ,

300 2060 358 2112 Non
369 2063 453 2111 somno
463 2065 530 2127 pigra
541 2097 550 2122 ,
565 2079 614 2112 oon
624 2063 717 2129 epulis,
728 2081 778 2114 non
789 2062 870 2115 dedita
879 2067 937 2113 virro
950 2099 958 2124 ‚

299 2136 467 2203 Mauramque
477 2152 558 2202 gerens
568 2138 668 2202 juvenili
678 2142 704 2187 ln
714 2156 813 2205 corpore
824 2156 939 2189 mentem.

332 2212 361 2261 ln
375 2227 504 2261 commune
515 2212 606 2261 bonum
618 2228 673 2260 cum
687 2216 789 2279 conjuge
802 2215 899 2279 sponsus
911 2217 995 2264 amicis

301 2286 448 2354 Conspirant
461 2291 546 2338 animis
560 2308 566 2336 z
583 2288 644 2339 solet
659 2291 683 2339 bt
697 2289 786 2355 frigora
800 2289 858 2339 forti

300 2364 455 2432 Perpetientla
466 2370 519 2417 viro
532 2401 539 2426 ‚
558 2382 629 2433 quem
643 2382 721 2416 rerum
736 2369 827 2416 summa
838 2366 961 2433 potestas,

301 2441 381 2502 Quem
394 2458 464 2505 penes
479 2442 511 2490 est
525 2441 619 2490 cultura
632 2441 694 2501 loli3
709 2442 798 2491 sociata
810 2456 906 2508 penates

301 2519 422 2577 Sustinet,
438 2519 462 2565 δι
478 2518 539 2564 curis
554 2515 625 2563 instat
637 2516 766 2566 levioribus
780 2533 848 2567 uxor.

300 2596 405 2661 Imperat
418 2591 478 2641 alter
492 2592 572 2657 agrie;
588 2592 650 2655 regit
664 2594 778 2642 interiora
792 2590 922 2641 domorum

300 2672 382 2724 Altera
397 2674 453 2721 :vit
466 2668 539 2735 operi
552 2670 630 2719 servos
644 2686 737 2721 exercet
751 2672 853 2737 agrefii3

299 2749 391 2814 Sponsa
405 2746 516 2810 fatigatos
531 2746 623 2810 pascit3
640 2746 688 2795 sata
702 2746 758 2796 lata
772 2750 871 2797 maritus

300 2825 413 2887 Edunt,
431 2829 456 2875 δι
470 2824 549 2874 multo
564 2824 678 2875 Cererem
691 2824 775 2876 sudore
788 2814 917 2885 reconclit3

299 2900 459 2966 Adveftasque
469 2897 570 2949 domum
583 2901 706 2954 conservat
720 2900 820 2951 foemina
833 2902 921 2967 fruges.

300 2978 333 3031 Et
346 2985 401 3047 quia
416 2978 464 3030 lida
477 2995 543 3031 metu
557 2978 664 3031 custodia
678 2982 760 3032 crescit
774 2983 805 3031 ab
818 2984 870 3047 ipso
883 3018 892 3043 ,

300 3056 395 3115 Idcirco
411 3058 522 3112 timidam
536 3050 594 3113 le'cit
607 3062 719 3127 Natura,
735 3064 861 3131 virumque

797 3186 800 3191 -
884 3150 1028 3218 Audacem,
