2359 3975
381 467 569 536 Lruuu
602 464 678 537 VI.
829 485 900 566 131

199 581 327 636 Interdum
340 585 412 636 variis
427 583 519 634 Natura
533 582 654 634 coloribus
669 583 737 634 ultro
827 647 829 650 ι

166 663 242 714 Ludit
255 667 282 713 in
298 661 442 722 arboribus,
460 665 563 711 mixtum
580 661 684 712 candore
699 664 813 714 ruborem

166 741 290 792 Fruiiibus
305 745 433 810 appingens
444 761 451 791 e
464 740 545 792 faciles
560 744 690 794 imitabere
700 743 783 804 lusus,

91 833 94 838 ¹
165 814 312 869 Multlculur
326 832 400 867 verno
416 813 434 866 fi
453 831 559 883 tempore
578 819 660 868 succus
674 833 792 885 aquarum

164 891 272 958 irriguos
291 895 368 956 tingat
382 891 463 942 latices
479 908 539 958 quos
554 893 635 942 ebibet
647 893 733 942 arboee

165 965 293 1032 Pomaque
306 963 454 1016 dulciculum
469 966 573 1016 referent
590 966 684 1016 mellita
700 953 829 1032 sapofem,

165 1043 286 1098 indideris
305 1045 322 1094 fi
339 1045 413 1096 mella
430 1063 490 1097 cavo
507 1047 637 1114 fragrantia
650 1061 746 1097 trunto.

163 1120 238 1171 Hunc
253 1118 314 1172 adeo
329 1123 355 1170 iu
371 1123 478 1186 geminas
495 1119 554 1172 aude
572 1120 697 1173 diffindere
714 1135 806 1186 pareest

162 1195 224 1257 Qua
239 1193 320 1246 medii
333 1200 427 1262 penitus
445 1196 503 1246 latet
519 1199 620 1258 arbore,
634 1195 694 1246 tolle
708 1193 858 1254 medullam3

161 1274 243 1341 Atque
261 1272 372 1322 salutares
388 1275 470 1322 succos
489 1277 514 1323 bc
534 1271 614 1324 dulcia
631 1271 740 1338 supplent

161 1351 259 1410 Mella,
274 1349 333 1400 limo
351 1353 452 1400 tinstum
466 1351 556 1401 bubulo
572 1350 713 1402 circumline
729 1349 832 1409 vulnus,

160 1428 282 1480 Mollibus
292 1429 414 1493 intingens
431 1427 516 1478 vinclis
533 1443 690 1494 tegumeutt3
706 1443 827 1477 recentem

162 1507 202 1558 Ne
216 1507 314 1574 plagam
326 1507 412 1558 Boreas
426 1509 465 1558 vel
481 1509 517 1558 sol
534 1510 625 1558 aseivus
641 1509 761 1558 acerbent.

161 1584 232 1644 Quos
248 1583 313 1632 ultro
327 1582 374 1632 lert
388 1595 445 1633 nata
458 1601 538 1634 recens
554 1585 677 1634 arbuscula
691 1580 779 1643 ludos,

161 1659 222 1709 Non
238 1663 327 1725 patitur
341 1665 427 1712 veteris
441 1665 518 1712 trunci
536 1664 632 1712 morosa
649 1661 761 1710 seneclus.

195 1733 271 1785 Ludit
288 1739 312 1786 bc
328 1739 354 1786 iu
371 1737 428 1788 tiliis
446 1755 482 1788 ars
497 1741 620 1806 ingeniosa
633 1737 774 1787 colentume

160 1812 241 1862 Arbor
256 1817 320 1862 enim
336 1819 415 1888 primo
431 1815 537 1866 docilem
554 1819 577 1866 se
593 1817 687 1883 prestet
698 1819 724 1864 in
740 1829 808 1872 aev03

160 1889 194 1940 Et
210 1887 368 1940 testudineum
385 1885 493 1944 'teneram
512 1893 528 1942 fi
547 1893 620 1944 flettis
637 1897 662 1942 in
680 1893 781 1949 orbem,

158 1967 344 2035 Curvatumque
360 1969 412 2019 solo
429 1985 499 2037 caput
513 1972 594 2022 obruis
611 1975 664 2034 5ire
680 1967 811 2028 deorsum,

158 2046 241 2112 Atque
256 2049 335 2095 vicem
353 2046 429 2112 stirpis
447 2048 514 2114 fungi
530 2050 645 2099 mirabere
662 2064 759 2097 ramos:

157 2124 218 2175 Haec
237 2135 300 2175 nura
318 2122 372 2172 etim
389 2122 456 2174 radix
473 2126 615 2191 genitalibus
630 2126 725 2175 haeserit
739 2126 819 2181 arvis,

156 2202 258 2252 Eruitur
274 2197 363 2273 νεῑᾳὲς
379 2204 472 2252 inverso
488 2200 612 2253 eoufillere
626 2219 712 2251 trunco

153 2276 223 2329 lulla
235 2312 244 2337 ‚
258 2268 312 2327 suos
326 2275 395 2327 effert
411 2281 481 2328 arbor
499 2297 543 2345 pro
559 2282 649 2329 vertice
665 2275 744 2327 nudor

156 2354 187 2405 In
205 2354 308 2403 sublime
322 2353 393 2420 pedes
405 2358 483 2404 :rami
498 2355 582 2404 tellure
600 2357 642 2403 sub
659 2357 710 2403 ima

155 2432 262 2483 Mutatis
281 2433 375 2496 serpunt
393 2433 504 2492 vicibus,
523 2432 635 2497 stirpique
647 2426 781 2495 rependunt

155 2511 233 2561 Ae'riae
251 2510 334 2574 primis
349 2508 463 2558 alimenta
478 2524 572 2574 recepta
589 2509 632 2557 sub
650 2510 726 2557 annis.

156 2591 233 2653 Stirps
251 2601 331 2635 autem
345 2583 432 2635 virides
449 2602 512 2637 nova
528 2603 570 2651 per
587 2584 703 2635 miracula
717 2582 813 2634 frondes

157 2667 286 2725 Parturit‚
302 2668 327 2713 bc
345 2662 434 2724 flores,
449 2667 474 2713 δε
491 2682 563 2729 quam
579 2665 710 2714 corroserat
725 2678 779 2711 ante
831 2659 845 2667 ”

154 2740 253 2795 Vermls
261 2738 338 2799 edax,
347 2737 395 2806 j'am
404 2757 468 2789 nunc
479 2744 527 2806 apis
537 2742 614 2790 ambit
623 2734 744 2788 murmure
752 2734 851 2785 blauio.

191 2820 251 2881 Quae
263 2820 370 2867 summos
381 2817 487 2866 Fortuna
497 2818 554 2865 levis
567 2818 708 2865 transmutat
718 2816 820 2861 honores
833 2845 841 2868 ,

154 2895 236 2945 Rebus
250 2896 276 2942 in
293 2894 404 2942 humanis
418 2894 452 2940 ita
469 2892 528 2957 saepe
546 2882 658 2955 iocatur3
675 2890 789 2952 humique

154 2972 286 3023 Prosteritit
303 2972 382 3034 capita
396 2968 445 3017 alta
461 2967 541 3017 virium
553 2985 561 3026 3
572 2967 701 3030 subitisque
716 2964 815 3012 viciffim

152 3044 359 3099 Divitiis'humiii
374 3059 443 3093 natos
461 3041 491 3091 de
508 3042 577 3108 plebe
598 3044 734 3106 supremum

152 3125 241 3181 Erebit
257 3121 291 3179 ad
305 3120 394 3177 decusa
409 3118 473 3171 elato
487 3116 528 3171 sed
542 3120 632 3171 vertice
643 3123 792 3185 quamquam

703 3205 762 3273 ij
