2359 3975
350 489 546 570 'Lissa
587 506 719 580 VIII.
829 536 894 612 ¹7¹

167 601 250 658 frana
265 609 397 660 securiferls
414 612 501 677 glacies
517 619 542 666 ln
558 621 633 672 vitrea
649 637 721 676 torno

167 682 258 734 Pocula
272 684 377 751 fingatur
388 705 397 748 3
413 689 499 755 qulbus
514 695 607 758 ignifer.
617 701 666 763 ipse
679 701 764 765 Lyaeus

164 760 253 826 Algeat
268 763 359 815 infusus
374 769 487 828 cyathis,
506 785 602 838 unoque
617 777 730 829 bibantur

164 835 197 887 Et
213 839 300 888 calices
314 839 357 906 ipn
372 845 505 910 vinumque
520 852 636 898 meracius
651 854 743 906 haustu.
928 907 932 929 ,

197 914 258 964 Haec
273 917 328 968 sunt
343 933 395 982 qua
411 915 494 982 gelidi
500 938 543 985 per
557 926 643 975 inertia
660 929 751 994 frigora
765 938 850 1002 paffim

162 988 283 1042 Exercent
297 1008 370 1057 opera
384 994 502 1059 Agricolae
517 1017 523 1046 e
541 1013 567 1048 tu
582 999 649 1052 dives
664 1008 738 1058 aristis

163 1067 221 1116 Sera
237 1069 281 1115 sub
298 1084 436 1132 extremos,
452 1073 586 1136 Arvernia,
603 1077 704 1134 demeris
721 1089 789 1141 estus
798 1111 808 1152 5

161 1140 194 1192 Er
212 1143 284 1196 letias
299 1149 387 1210 raptim
404 1150 492 1213 segetes
510 1152 553 1201 sub
573 1159 632 1206 tetis
650 1167 764 1227 reponis,

162 1219 266 1270 Instanti
280 1223 406 1275 sementes
423 1225 479 1289 gelu
495 1227 551 1278 crim
568 1229 655 1284 deinde
669 1241 774 1304 rigentes

159 1300 264 1365 Stringit
279 1302 356 1350 hiems
373 1316 443 1352 terras
456 1321 463 1362 3
478 1303 563 1356 eadem
577 1313 641 1362 intre
657 1319 717 1367 cena
733 1319 834 1388 llagellie

158 1373 277 1430 Excutit,
293 1378 319 1424 δι
335 1374 423 1426 nitidas
437 1391 478 1427 tua
494 1383 571 1432 rnlttis
584 1387 611 1432 in
624 1388 711 1440 horrea
725 1393 823 1461 fruges:

155 1449 314 1516 Extricasque
331 1469 403 1502 nuces
420 1456 526 1508 resoluto
543 1467 633 1514 cortice
649 1467 753 1535 stallae,

157 1524 322 1592 Pumiceoque
337 1543 414 1579 terens
431 1533 506 1591 saxo,
523 1536 638 1604 preloque
653 1546 763 1600 madenti

83 1593 88 1604 '
155 1603 311 1667 Subjiciens‚
329 1605 411 1656 oleum
428 1607 574 1662 ferventibus
591 1617 657 1668 elicis
676 1624 755 1676 undis.

190 1678 245 1728 Nos
262 1679 352 1746 tepidas
362 1685 440 1733 sortiti
455 1687 545 1736 hiemes
558 1692 664 1745 australis
680 1699 712 1751 ad
725 1719 793 1756 oram

153 1757 270 1818 Oceani,
288 1758 382 1823 prolem
399 1762 502 1812 colimus
520 1765 597 1817 felicis
612 1772 704 1836 olivae;

152 1836 244 1898 Segnia
260 1851 303 1900 per
319 1853 396 1890 totam
412 1857 489 1906 neque
503 1849 616 1898 novimus
631 1857 681 1904 otia
694 1857 817 1916 Brumaru.

152 1909 237 1960 Ubere
251 1927 308 1962 nans
324 1912 390 1964 dives
407 1915 469 1967 foetu
487 1919 543 1970 culm
560 1924 663 1979 Palladis
680 1936 753 1989 arbor

150 1973 256 2027 Brachia
271 1981 321 2044 jam
337 1996 420 2033 curvat
437 1985 517 2048 nigros
532 1986 616 2042 induta
631 1998 746 2066 colores,

150 2052 240 2120 Longa
255 2054 388 2111 fatiscentes
406 2065 501 2113 excuffis
517 2074 608 2131 pertica
623 2076 701 2128 baccis

151 2128 275 2181 Exonerat
290 2148 369 2183 carnos
382 2151 390 2193 3
408 2139 525 2205 tensaque
541 2145 584 2193 sub
600 2150 684 2201 arbore
700 2154 755 2208 telae

147 2206 282 2273 Excipiunt
298 2210 384 2272 oleas,
401 2216 487 2266 baculo
504 2221 633 2287 pulsante,
649 2229 759 2284 caducas.

181 2284 321 2351 Qamquam
331 2292 430 2341 hiberna
439 2292 490 2345 dies
501 2314 550 2349 nor
560 2318 658 2367 urgeat,
675 2324 746 2376 atque
759 2313 851 2368 labores

146 2361 308 2427 Pracipites,
325 2382 375 2417 non
391 2385 445 2419 ante
463 2386 544 2423 tamen
561 2379 704 2446 stringentur
719 2389 810 2453 olivae,

145 2438 233 2499 Quini
249 2441 356 2506 gelidum
371 2448 475 2502 Phoebns
491 2450 613 2510 deceiserit
629 2463 714 2515 arbore
727 2485 826 2533 roreme

143 2516 322 2589 nocturnoque
340 2528 416 2590 rigens
433 2546 447 2581 a
462 2530 552 2598 frigore
569 2554 668 2604 ramus,
688 2551 772 2601 amicis

142 2595 274 2649 Lentescat
289 2602 373 2653 Plroebi
390 2606 481 2671 radiis,
499 2630 543 2666 nec
560 2617 632 2671 filialis
646 2626 694 2675 iun

140 2674 272 2736 Diiiiliat,
288 2678 365 2745 frangi
382 2688 474 2747 patiens
486 2720 501 2749 ,ι
511 2692 553 2743 sed
567 2696 651 2749 cedere
666 2701 742 2769 plagis

139 2744 267 2807 Nescius,
282 2751 380 2815 egelida
395 2756 438 2809 nifi
452 2763 549 2817 molliat
564 2784 620 2819 aura
634 2770 692 2823 diei.

175 2822 277 2887 Frigora
291 2824 350 2879 dum
368 2836 456 2893 patitur
471 2836 582 2902 glacialia
596 2861 651 2897 ture
667 2851 788 2916 colonus,

137 2896 272 2952 Excutiens
289 2921 369 2957 ramos
385 2911 466 2975 olen
485 2930 516 2967 ue
530 2923 589 2971 ceila
604 2923 735 2996 fucumque

137 2971 233 3023 villica
252 2976 328 3041 segnis
345 2996 430 3045 auset,
447 2989 532 3053 grandi
548 2992 589 3045 sed
606 3000 632 3047 ic
647 3003 697 3065 ipsa
712 3008 801 3070 gelatas

137 3048 225 3101 Corbe
241 3067 326 3103 manus
344 3071 454 3132 ansata,
474 3064 538 3131 legat
553 3086 612 3135 quas
625 3081 713 3138 pertica
728 3081 801 3151 longe

136 3126 265 3197 Diffipat,
284 3135 312 3186 δι
325 3134 414 3201 spanias
429 3141 487 3195 bine
500 3146 569 3201 illiue
583 3154 657 3217 jaciat
670 3156 755 3211 olivas.
855 3198 858 3203 -

714 3248 772 3318 nrj
