2359 3975
337 437 405 512 ²32
482 414 672 485 Pnnnrr
696 413 913 485 Rnsrrcr

332 533 465 599 implieitot
481 535 520 582 seu
533 530 598 597 ligna
610 529 698 597 pedum
714 533 838 592 turbavit,
854 533 968 584 anhelum

332 611 361 662 ln
375 613 416 660 sua
433 610 480 661 five
495 607 568 658 redux
581 608 679 673 vestigia
696 605 751 657 lusit
769 607 916 660 Amilcbam·

365 687 459 741 Cetera
468 684 527 754 quid
540 684 642 735 referam
659 684 739 734 nostro
752 684 816 734 male
829 690 928 752 cognita
941 683 1006 738 satio

333 766 446 826 Gaudia,
461 768 557 816 semoris
573 765 615 825 uni
635 761 677 812 libi
693 765 773 813 vivere
789 767 873 824 curis,

256 885 262 898 .
332 846 419 897 Dicere
434 843 469 893 nil
483 840 550 909 quod
565 843 680 906 poeniteat
692 836 795 898 dixisse,
812 841 921 905 maligno

332 920 391 971 Non
406 921 469 984 carpi
483 920 610 976 sermone,
627 929 693 964 metu
710 914 837 978 pallescere
854 916 945 976 nullo,

332 994 388 1059 Spes
402 993 479 1043 nullas
490 994 595 1058 agitare,
609 1005 689 1054 graves
704 1005 748 1038 noc
762 989 859 1039 volvere
874 1007 961 1048 curas,

331 1070 384 1121 Nec
401 1069 487 1119 steriles
501 1070 628 1118 hominum
642 1062 742 1125 laudes,
760 1081 804 1114 nec
819 1082 882 1116 vana
896 1068 984 1117 morari

332 1148 452 1205 Premis,
472 1147 572 1195 secretos
587 1145 635 1192 ruri
649 1139 691 1192 sed
705 1139 790 1208 degere
806 1141 881 1194 Coelo

331 1218 399 1268 Teste
413 1215 484 1277 dies,
497 1232 567 1282 atque
581 1216 631 1280 ipsa
643 1217 706 1264 inter
718 1214 802 1280 spelta
814 1215 919 1266 ferarum

331 1295 363 1346 Et
376 1296 475 1360 sapere,
492 1297 518 1343 bt
532 1308 616 1358 pravos
631 1293 696 1341 urbis
710 1289 830 1342 dediscere
845 1311 934 1345 mores.
975 1317 983 1340 ι

363 1371 386 1422 0
400 1372 407 1422 Ξ
419 1369 508 1420 mihiii
520 1367 616 1436 placido
629 1367 700 1419 solari
715 1385 768 1419 rure
781 1372 917 1422 senesiam!

332 1450 358 1501 Si
371 1448 445 1499 liceat
455 1446 574 1506 blandas,
590 1443 667 1496 doceo
685 1461 742 1512 quat
757 1445 883 1508 versibus,
901 1463 962 1501 artes

331 1525 444 1576 Exertere
460 1523 551 1575 manu!
563 1539 606 1574 nec
622 1525 647 1571 in
660 1523 718 1571 urbe
731 1524 829 1588 superba
840 1527 970 1577 Potentunr

332 1602 415 1668 Regna
430 1604 500 1666 pati,
515 1612 591 1663 neque
608 1597 687 1661 jactari
706 1594 815 1645 civilibus
831 1596 921 1648 undis!

214 1702 225 1728 a
331 1677 414 1740 Qudm
427 1682 466 1744 pia
480 1674 576 1728 vivendi
590 1677 682 1740 capiam
695 1690 830 1741 precepta,
845 1676 946 1729 caducas

252 1802 254 1807 ,
333 1757 379 1806 Res
389 1758 518 1805 hominum
531 1755 639 1802 breviore
653 1750 733 1815 legens
747 1755 773 1801 in
786 1751 845 1804 flore
853 1771 862 1814 ς
876 1755 971 1822 Deiqus

331 1829 468 1882 Admiratus
482 1846 555 1895 opes,
573 1826 655 1877 reduci
671 1828 710 1876 seu
724 1828 785 1878 Vere
798 1846 840 1895 per
853 1833 936 1882 hortos

331 1908 440 1958 Floribus
453 1912 479 1957 in
492 1910 559 1972 pisile
573 1921 653 1955 rerum
667 1905 759 1958 Natura
774 1913 873 1959 creatrix

330 1981 409 2035 Ludat
427 1983 560 2035 amabiliter
575 1983 696 2034 variorum
711 1998 790 2034 errore
803 1984 931 2045 colorum

331 2064 377 2114 Seu
389 2062 461 2114 viridi
472 2066 499 2113 in
512 2063 587 2123 luco,
605 2063 644 2111 vel
658 2063 723 2113 culta
734 2080 775 2129 per
788 2080 864 2127 arva,
881 2066 995 2118 laborans
1082 2124 1083 2129 ,

331 2141 442 2203 Utilius,
458 2144 523 2191 tenui
538 2156 637 2205 magnos
653 2137 683 2189 de
699 2144 805 2207 germine
819 2158 916 2193 truncos

330 2218 432 2285 Erigat,
449 2232 491 2268 aut
506 2234 554 2267 uno
569 2216 647 2281 plures
664 2233 676 2265 e
693 2220 781 2267 semine
798 2219 889 2268 culmos

331 2298 483 2365 Expeditne,
500 2297 574 2348 flavos
589 2312 654 2363 tegat
670 2297 730 2346 albis
744 2299 851 2347 messibus
865 2315 942 2365 agros.

365 2374 431 2437 Quid
447 2374 464 2423 st
479 2375 576 2425 Namrae
590 2373 626 2423 fas
641 2375 763 2439 explorare
780 2378 857 2441 sagaci

224 2486 234 2504 ,
332 2449 416 2499 Mente
429 2454 497 2509 vias,
515 2450 575 2499 alios
590 2453 616 2499 δι
631 2450 758 2501 conciliare
776 2452 868 2515 sapores

332 2524 472 2583 frusiibus,
488 2538 529 2572 aut
543 2523 618 2572 aliurn
635 2522 690 2574 dare
706 2523 804 2575 floribus
818 2542 867 2576 arte
881 2526 1011 2593 colorem,
1076 2514 1077 2545 ³

331 2602 449 2652 Arboreos
462 2598 535 2649 foetus
546 2599 586 2650 vel
602 2615 738 2661 maturare,
753 2600 793 2649 vel
807 2616 863 2651 arte

331 2679 466 2745 frigoribus
482 2677 575 2728 brumae
590 2696 675 2730 vernos
691 2683 848 2730 transmittere
865 2678 957 2734 flores!

364 2756 421 2807 Hac
436 2770 482 2820 ego
495 2753 567 2820 quim
582 2755 649 2805 latos
663 2773 735 2821 opera
746 2760 807 2806 inter
821 2758 920 2821 agrestia
936 2759 1038 2811 condant

247 2837 251 2845 '
332 2838 395 2885 Rure
407 2833 456 2884 dies
470 2834 477 2884 l
490 2834 539 2901 qud
550 2833 659 2885 nondum
674 2839 724 2885 auri
737 2836 785 2885 litis
797 2838 908 2901 improba
921 2840 1009 2891 secunt

331 2910 363 2960 Et
375 2910 466 2973 scelus,
478 2912 504 2960 bt
519 2908 632 2972 fraudes,
647 2912 791 2979 inimicaque
806 2914 883 2977 jurgia
898 2910 992 2975 duxit,
