2359 3975
304 437 375 513 330
449 413 653 485 Pnnnrr
678 413 897 484 Rusrrcr

300 535 331 587 Et
348 550 477 601 capream,
494 537 518 583 ic
537 534 596 582 letis
611 535 741 582 inimicum
754 533 866 581 messibus
879 539 972 598 aprum.

223 638 227 647 ¹
333 614 370 665 Ne
384 629 465 665 tamen
477 614 561 663 incerti
576 627 707 660 nemorum
720 627 762 676 per
777 608 850 661 densa
865 628 996 677 vagemur,

299 690 443 760 Vestiganda
461 690 515 742 serae
534 692 603 741 nobit
619 690 725 755 spelta,
741 692 880 756 priusquam

298 772 435 824 Bellanturn
450 772 539 835 campis
553 770 615 817 acies
628 764 744 832 procedat
760 772 863 833 apertisr

298 851 412 901 fortuitis
426 865 502 914 utque
519 849 584 897 eninr
601 844 697 904 lustris,
712 861 786 910 vagus
797 848 898 912 hospes,
909 862 998 915 opacos

298 922 342 971 Per
356 921 427 971 saltus
441 922 645 977 habitaremus,
660 915 702 967 sed
716 918 803 983 pascua
815 936 913 985 propter

297 1001 349 1049 Stat
363 1001 404 1049 sua
421 1000 506 1065 cuique
524 994 631 1055 domur,
645 992 814 1045 frondentibus
827 996 912 1049 abdita
922 1001 1004 1050 ramis:

297 1075 376 1140 Atque
393 1072 463 1121 illum
481 1070 577 1120 stabulis
592 1066 636 1119 nisi
655 1066 789 1119 deturbarit
803 1073 874 1121 avitis

298 1149 341 1201 Vir
357 1148 441 1199 insesia
456 1164 560 1209 canum,
575 1160 766 1211 venatorumque
781 1148 900 1200 tumultur
908 1183 918 1211 ,

300 1224 358 1274 Non
381 1222 429 1273 alii
443 1238 534 1273 veteres
551 1234 673 1287 permutat
690 1216 744 1283 sede
756 1236 863 1285 penates.
894 1245 897 1255 ·

329 1304 353 1351 Si
366 1317 439 1367 quem
455 1302 535 1348 nasius
550 1302 594 1347 eris
611 1301 692 1365 primo
708 1299 751 1363 qui
769 1295 829 1347 flore
846 1302 951 1365 juventa

297 1376 410 1431 fervidus
427 1374 549 1427 antevolat
566 1372 708 1440 Zephyros3
720 1377 782 1423 hunc
802 1377 902 1440 respue,
915 1379 983 1427 cursu

297 1456 336 1509 Ne
351 1455 443 1507 catulos
462 1456 568 1521 ipsasque
581 1469 644 1518 vago
660 1453 766 1503 clamore
782 1451 869 1519 fatiget

296 1534 415 1589 Incaffum
433 1533 522 1594 silvas,
537 1537 563 1583 δι
580 1534 620 1599 spe
637 1530 726 1581 ludaris
741 1534 816 1581 inani.

296 1612 419 1665 Anteferes
435 1626 532 1659 cervum
547 1610 589 1675 qui
602 1610 652 1673 jam
667 1608 783 1671 gravitate
799 1606 871 1657 senili

298 1690 402 1741 Tardior
419 1689 451 1739 est
463 1724 471 1751 ,
484 1688 580 1754 astuque
597 1689 672 1751 magis
687 1685 762 1752 quim
775 1687 864 1736 robore
873 1701 982 1753 puguatt

297 1766 417 1835 Certaque
434 1765 499 1832 signa
513 1763 602 1831 pedum
613 1765 732 1831 notosque
744 1764 862 1829 relinquit
872 1760 975 1824 odores,

297 1837 417 1906 inscriptis
432 1841 540 1903 graviora
558 1854 667 1905 prement
685 1837 783 1902 vestigia
795 1840 873 1887 terrie.

329 1918 387 1967 Non
404 1915 483 1966 dubiis
499 1931 580 1965 autem
596 1914 692 1966 indiciis
706 1918 844 1982 agnoscitur
860 1930 936 1967 tetaar

297 1997 350 2062 ipsa
364 1995 467 2062 pedum,
477 1995 563 2045 molles
574 2013 681 2046 remanet
692 2013 744 2066 qua
755 1996 847 2062 sculpta
857 2011 901 2061 per
912 2009 998 2059 agros,

296 2074 384 2126 Forma
397 2071 487 2124 docet:
500 2089 605 2140 namque
621 2077 646 2122 in
661 2075 752 2123 senium
767 2065 921 2138 vergentibus
938 2073 1018 2130 annis,

258 2181 263 2188 ·
296 2150 475 2212 contrabitur,
491 2169 568 2220 neque
583 2156 633 2216 jam
647 2168 726 2218 parter
743 2150 832 2202 divisus
850 2154 877 2200 in
892 2151 975 2199 ambat
1014 2161 1025 2173 ⁶

296 2230 340 2281 Per
354 2246 451 2297 apparet
463 2232 550 2290 humi,
564 2229 639 2294 longo
658 2228 700 2279 sed
715 2232 784 2280 tritus
798 2230 830 2288 ab
844 2229 890 2276 usu

297 2303 432 2366 Cernitur,
450 2309 474 2354 δι
491 2305 559 2354 luteis
577 2303 687 2370 infigitur
703 2303 775 2354 altius
789 2306 860 2354 arvis.

297 2379 438 2430 Stercorafi
457 2397 504 2448 qua
516 2381 580 2429 cavis
596 2394 726 2428 occurrunt
741 2381 822 2444 aspera
838 2379 902 2442 rugis

296 2458 443 2524 Pinguiaque
451 2475 459 2516 3
467 2457 560 2506 annosae
570 2459 625 2505 suut
634 2458 685 2506 haec
697 2472 794 2522 quoque
807 2453 873 2520 signa
883 2456 994 2504 sentiit:

297 2535 410 2583 Praeterea
423 2551 522 2592 cervus,
538 2551 617 2582 rerum
632 2536 733 2593 inscius,
742 2534 838 2598 hospita
850 2535 913 2580 resio

297 2614 404 2663 Tramite
421 2612 491 2660 lustra
507 2615 567 2677 petit
580 2631 586 2660 :
599 2612 674 2678 longo
691 2610 733 2663 sed
750 2615 842 2661 cautior
860 2627 931 2671 aevo,

295 2689 448 2740 Dissimulare
461 2693 525 2746 iter,
541 2688 660 2753 implexos
674 2702 714 2753 per
730 2685 799 2736 mille
814 2690 909 2736 viarum

296 2767 438 2825 Circuitus,
454 2764 548 2824 stabulis
566 2765 613 2814 sese
628 2762 797 2816 frondentibus
810 2759 898 2822 abdit,

296 2841 405 2894 Assuetor
417 2857 523 2908 repetens
535 2876 543 2900 ‚
556 2856 611 2891 orto
625 2845 674 2905 iarn
691 2840 761 2899 soie,
779 2853 885 2905 penates.

295 2919 318 2969 it
333 2935 430 2986 quoque
444 2923 493 2984 jam
507 2919 584 2966 senior
599 2913 664 2981 passu
678 2916 805 2976 breviote3
819 2932 863 2965 nec
879 2932 956 2966 annot

294 2996 349 3048 Posi
364 2996 476 3064 aliquot,
493 2994 581 3062 plantis
595 3006 652 3046 cunt
665 2996 835 3062 posterioribus
853 3011 904 3046 uuo
