2359 3975
424 476 484 545 Lr·
500 493 525 546 u
541 497 565 546 r
581 497 607 546 n
647 479 689 548 V.
853 495 913 547 ror

187 590 317 660 inplicet,
336 595 362 642 &
376 590 423 643 late
436 592 560 661 quondam
574 593 702 660 protendat
718 595 744 644 in
760 594 843 643 orbern

186 666 294 724 Grandia
306 668 373 718 oliva
385 683 466 718 comas
480 686 488 717 a
503 685 560 720 narn
576 687 629 736 qun
645 683 717 734 caput
731 667 805 720 ardua
819 667 884 718 coeio

186 743 333 795 Coniferum
348 743 434 803 tollit,
453 747 510 794 raris
528 747 550 794 se
567 745 681 794 fruciibur
696 747 766 793 arbor

185 817 290 878 Induit,
309 823 335 870 δι
353 819 405 868 sold
420 819 538 869 foliorum
554 821 666 868 exuberat
681 819 776 868 umbri.

218 899 300 948 Altior
319 903 422 948 emineat
437 913 555 958 truncus,
574 896 725 964 repondere
742 911 825 949 currat

184 975 249 1025 Grex
266 972 339 1024 avido
355 975 424 1038 poffit
442 970 539 1024 frondes
557 973 680 1039 depascere
697 974 786 1023 morsu.

184 1053 271 1102 Ereiio
288 1052 368 1102 viden·
384 1050 411 1102 ut
427 1054 494 1103 collo
512 1054 619 1102 sublimis
634 1057 659 1103 in
675 1057 737 1102 imor

182 1128 285 1179 Attoliit
301 1130 325 1178 se
341 1145 412 1194 capra
426 1127 518 1194 pedes;
536 1126 552 1178 ίῑ
572 1129 635 1178 forte
648 1127 732 1178 diebus

183 1206 281 1258 AEstivis
290 1209 398 1259 humiles
414 1211 476 1258 inter
491 1209 619 1260 siabulatur
632 1209 717 1271 oiivas.

182 1281 258 1332 Dilue
276 1281 342 1332 foeda
358 1285 434 1333 boum
450 1282 550 1333 coenosrs
567 1283 668 1332 stercora
685 1282 812 1346 lymphis}

183 1361 296 1428 Quasque
313 1365 366 1412 suus
385 1364 465 1428 perse
483 1364 537 1413 satis
555 1361 620 1412 haud
635 1360 744 1412 defendit
761 1374 875 1417 anatot,

183 1434 276 1502 Ingrati
293 1452 369 1487 tutare
385 1454 467 1488 comas
485 1441 606 1504 aspergine
621 1440 690 1487 roris.

216 1515 241 1562 Si
255 1517 337 1564 nimiis
354 1516 457 1578 agitetur
472 1517 535 1562 iners
549 1512 674 1562 arbustula
686 1512 783 1568 ventis,

182 1587 231 1638 vel
246 1587 309 1638 fleur
324 1588 401 1637 facilis
418 1587 491 1638 dorso
508 1585 609 1637 decedat
622 1587 727 1651 iniqu03

182 1663 290 1724 Quercus
301 1680 374 1729 opem
387 1661 461 1728 propi
476 1661 524 1712 fixa
534 1660 621 1720 dabit,
634 1662 769 1724 reiiamque
784 1654 881 1707 docebit

181 1746 254 1795 Actes
270 1743 328 1792 stare
343 1743 424 1792 Notos
440 1758 524 1792 contra
539 1742 688 1806 Boreamque
704 1738 832 1788 furentem.

182 1819 348 1884 Tempestivus
364 1818 405 1866 ubi
423 1819 511 1866 nimbis
526 1818 549 1866 se
567 1813 657 1866 fuderit
672 1818 768 1875 imber,

182 1896 232 1944 Aut
247 1895 312 1950 oleas
327 1891 407 1944 fodito
423 1896 535 1953 circum,
553 1892 593 1941 vel
608 1907 673 1942 totus
687 1906 766 1940 aratro

181 1971 351 2025 Proscindarur
367 1992 443 2042 ager3
462 1975 547 2043 quibus
564 1975 633 2025 arbos
649 1976 726 2024 excita
742 1974 804 2022 curie

150 2049 153 2055 '
182 2052 264 2106 Tarda
279 2069 359 2106 tamen
373 2056 473 2116 veniet,
488 2054 528 2105 sed
544 2053 657 2105 duratura
670 2070 711 2119 per
725 2068 813 2103 arrum

182 2133 248 2185 Nam
263 2134 339 2193 veluti
357 2136 440 2185 crescit
455 2134 561 2197 sensim,
580 2136 718 2200 multosque
732 2148 773 2197 per
786 2139 862 2179 annor

136 2221 141 2229 '
180 2212 326 2273 Perficstur,
345 2214 424 2263 subito
439 2230 482 2263 nec
499 2212 581 2279 prodit
598 2215 629 2263 ab
643 2217 734 2277 impete
749 2210 837 2258 mentia

182 2290 290 2341 Plurima
308 2288 417 2341 durando
431 2295 512 2342 vincat
527 2296 569 2358 qui
586 2292 671 2341 saecula
685 2290 759 2340 foetur

182 2366 297 2432 Ingenii3
316 2368 347 2419 src
365 2383 426 2419 tetra
440 2372 521 2421 breves
538 2370 643 2437 ficusque
659 2371 770 2436 pirosque

181 2445 354 2511 Pracipitans,
369 2448 411 2497 ubi
426 2448 465 2499 rei
482 2447 545 2498 tiliae
560 2447 599 2499 vel
615 2452 641 2498 in
656 2448 731 2498 altera
746 2460 844 2513 quercus

182 2520 285 2587 Cogitat
301 2538 343 2573 aut
358 2524 423 2574 oleas
441 2528 600 2576 transmittere
616 2525 704 2586 secla,
722 2540 843 2573 morarum

181 2599 235 2651 Jam
251 2604 363 2667 patiens,
381 2596 456 2669 longo
473 2605 526 2669 post
540 2620 649 2671 tempore
664 2606 759 2655 brachia
775 2601 875 2661 fundit,

180 2677 317 2730 Praevalidis
332 2680 458 2745 postquam
476 2694 572 2730 truncus
589 2680 707 2736 radicibus
724 2678 799 2729 haefir.

212 2761 298 2809 Laetea
315 2758 374 2808 dum
392 2762 478 2811 terreris
495 2759 611 2811 adolescit
626 2759 751 2811 frondibus
769 2758 859 2814 arbor,

178 2832 212 2883 Et
229 2836 311 2898 primis
329 2834 388 2883 olere
405 2837 523 2899 incipiunt
539 2836 670 2901 nigrescere
685 2836 784 2891 baccis;
861 2859 865 2865 >

178 2909 269 2961 Durior
284 2913 315 2961 ah
331 2912 338 2960 i
358 2911 453 2975 fragiles
469 2930 499 2961 ne
517 2928 613 2979 rumpat
628 2915 718 2977 pertica
731 2927 827 2960 ramos:

176 2983 256 3052 Carpe
274 3001 350 3035 manu
365 3001 426 3051 quot
444 3002 458 3035 a
475 3000 536 3037 terra
551 2990 689 3052 contingere
707 2986 795 3037 fruens

747 3074 767 3126 E
783 3075 809 3141 iij
