2359 3975
298 512 364 607 148
440 509 631 577 Purrorr
655 497 873 566 Ruarrcr

294 625 374 701 Malus
389 629 470 681 adorsa
484 624 568 682 nefas,
585 622 675 668 sacram
690 609 804 680 prorepit
819 613 845 658 in
858 608 937 657 aulam
1016 619 1022 627 ”

293 715 372 778 Impia
385 711 471 764 Morta
489 708 512 752 δι
527 699 585 749 dum
600 697 691 762 peragit
705 690 745 740 Sol
762 705 853 738 annuus
867 688 968 742 orbem,

293 791 409 856 Delphini
426 785 519 850 periere*
528 776 597 832 du05
616 772 721 834 senisque
736 765 819 816 diebus

295 869 390 919 Interiit
404 857 484 911 teneri
497 855 600 920 Sponsus
614 865 670 897 cum
684 845 815 909 Conjuge3
830 841 909 890 Natus

295 945 443 997 Defuniium
456 936 531 1001 spatio
545 929 648 994 sequitur
663 924 772 988 propiore
788 921 937 973 Potentem,

297 1026 375 1089 Atque
391 1035 439 1069 uno
454 1016 550 1078 Coniux
566 1013 591 1058 &
606 1008 649 1055 Vir
663 1008 755 1068 jacuere
770 998 868 1047 feretro.

330 1100 432 1150 Affliuas
447 1099 496 1159 jam
511 1087 562 1138 dira
577 1069 652 1134 fames
667 1083 691 1128 ὅ(
707 1075 786 1126 flebile
800 1072 894 1121 bellum

297 1179 488 1236 Morborumque
502 1168 587 1218 cohors
601 1157 727 1210 viduatam
741 1153 832 1202 civibus
848 1151 926 1197 urbes.

297 1253 395 1306 Publica
412 1249 460 1298 lata
477 1243 559 1292 dolens
575 1240 685 1298 Princeps
701 1227 851 1294 Burgundius
868 1224 932 1274 ultro

266 1375 270 1381 .
298 1331 327 1377 Se
344 1339 407 1374 nova
424 1319 532 1370 divinum
549 1328 602 1379 quae
617 1308 720 1360 flecteret
737 1303 812 1353 hostia
829 1316 938 1352 numen,

299 1407 418 1456 Devovet.
434 1387 625 1448 indutuens!
641 1399 665 1434 at
683 1382 699 1432 li
715 1382 791 1430 lenior
807 1375 854 1426 effe

295 1481 391 1534 ¹Funere
409 1475 521 1527 debueras
533 1504 549 1529 ‚,
560 1463 651 1533 populo
667 1457 727 1526 quid
740 1459 807 1506 obire
822 1455 916 1504 volenti

301 1565 419 1616 Parcere,
437 1570 480 1603 nec
497 1561 588 1600 tantam
605 1556 706 1591 nurnero
723 1537 818 1601 pensare
833 1533 946 1580 ruinam?

336 1640 427 1688 Irarum
445 1631 499 1680 satis
517 1624 549 1674 est
564 1641 570 1670 a
586 1631 702 1669 armatam
717 1617 743 1662 iu
758 1611 857 1662 vulnera
872 1606 978 1656 dextram

256 1757 261 1768 s
304 1718 380 1774 sistet
395 1724 524 1774 novoque,
538 1702 622 1757 Deus,
635 1712 665 1744 ne
680 1693 762 1742 funere
776 1689 847 1738 funus
860 1686 943 1736 acerba
954 1700 962 1740 3

286 1838 288 1842 ,
303 1796 335 1846 Et
346 1808 427 1843 totam
441 1789 532 1852 penitus
546 1777 589 1828 nist
603 1789 670 1824 mens
681 1765 816 1820 exscindere
831 1779 949 1829 gentem,

305 1873 355 1926 Uni
369 1865 435 1936 quod
450 1857 549 1926 superest
563 1855 656 1919 capiti,
673 1864 722 1913 quo
736 1847 787 1895 vita
800 1842 908 1905 salusque

306 1948 405 2002 Publica
421 1947 468 2007 jam
483 1933 575 2009 dudum
590 1925 713 1996 pendent,
730 1921 846 1987 placatior
863 1919 907 1967 uni

306 2032 379 2081 Parce
387 2024 451 2073 Deus
463 2019 469 2067 l
482 2030 570 2081 tuque,
582 2004 717 2062 diodori,
729 2004 771 2067 qui
781 2013 882 2062 magnus
893 1998 918 2043 in
929 1995 1011 2049 armis,
1091 1997 1092 2029 l

308 2108 389 2172 Major
403 2104 430 2152 in
443 2091 543 2147 adversis
558 2088 656 2138 Numen
671 2095 734 2131 nunc
747 2077 816 2125 rebus
831 2072 936 2130 adorat,
1089 2059 1092 2072 “

309 2186 388 2237 Made
403 2178 487 2230 animis
499 2206 507 2232 ‚
527 2172 551 2217 δι
568 2178 641 2231 quam
654 2160 754 2224 partitur
770 2151 849 2203 Gallia
863 2165 964 2207 tetum,

310 2262 442 2315 Tristitiam
453 2252 522 2303 fortis
536 2240 658 2307 compesce
670 2253 678 2294 3
690 2248 780 2297 tuoque
790 2226 899 2278 dolentes

310 2342 349 2393 Ne
365 2335 466 2405 populos
482 2336 584 2379 nicatore
600 2330 672 2382 grava
688 2330 694 2359 ε
711 2309 796 2358 solatia
811 2306 881 2357 nobis

312 2422 337 2469 Si
351 2432 398 2483 qua
413 2413 469 2461 licet
482 2408 590 2470 sperare,
607 2408 674 2443 urum
688 2388 720 2437 est
733 2384 844 2436 adhibere
858 2402 865 2431 ι
880 2381 981 2447 Nepoti,
1091 2437 1092 2440 Ἴ

312 2500 418 2548 Germen
432 2484 508 2537 adhuc
522 2477 551 2527 de
565 2476 634 2537 stirpe
646 2480 743 2523 manet,
758 2464 808 2527 spes
821 2460 895 2510 altera
908 2460 1001 2522 Regnip.
1091 2450 1092 2458 ’

314 2572 420 2624 Solvitur
433 2568 459 2613 in
471 2561 587 2618 lacrymas
601 2563 658 2614 puer
669 2544 740 2593 orbus
752 2554 854 2603 utroque
867 2551 982 2602 patente,
1041 2569 1044 2579 .

314 2646 460 2710 Adrepitque
476 2636 522 2685 tuis
539 2628 638 2695 genibus
652 2623 749 2686 suspiria
766 2614 862 2669 ducem,

315 2727 374 2778 Non
387 2716 534 2773 intelleeium
547 2708 601 2756 satis
614 2705 661 2751 heu
674 2700 681 2748 l
697 2713 723 2749 tu
735 2696 867 2759 comprime
881 2692 990 2747 lucium

317 2799 457 2866 Amplexare
473 2788 555 2839 fovens
571 2780 681 2847 gremioa
695 2788 738 2823 nec
754 2772 850 2826 amica,
865 2769 949 2815 sereno

318 2886 342 2931 Si
359 2886 500 2944 peterere,
519 2877 579 2929 nega
594 2850 683 2905 blando
701 2852 769 2899 Pater
785 2845 866 2896 oscula
881 2844 957 2900 Nato,

320 2956 439 3010 Restat&
456 2946 498 2997 ille
513 2942 557 2991 tibi
572 2935 658 3002 patrias
674 2922 814 2985 formandus
830 2919 860 2972 ad
874 2936 935 2978 artes

490 3036 526 3070 tos
543 3020 676 3073 iterumque
692 3008 825 3067 iterumque
843 2999 937 3057 131,on
973 3044 976 3050 Ι
1036 3038 1039 3044 ι

322 3102 475 3179 Aggredctep
492 3098 516 3145 δι
530 3100 627 3157 magnas
641 3082 721 3146 animo
738 3079 787 3144 spes
801 3076 900 3140 cqncppe
915 3091 926 3131 ἰ
937 3070 1008 3129 Nau„

320 3034 439 3098 Imperii:
456 3040 488 3075 uo
