2359 3975
376 493 404 564 L
420 509 440 566 1
461 514 485 566 u
505 514 531 567 n
550 515 577 566 n
617 496 653 566 V
661 497 690 568 1.
827 515 895 596 127

165 612 324 680 Spargiruus3
341 614 367 664 in
381 599 445 663 r'ivos
460 616 495 666 ita
507 632 549 680 per
563 617 613 666 sata
628 619 726 683 pinguia
740 613 832 671 ducunt

166 690 288 750 flumem
305 694 331 740 bc
348 690 458 740 arboreos
473 690 512 741 vel
528 708 643 759 aquarum
658 698 727 759 copia
743 695 831 756 sotus,
867 750 871 758 ,

159 757 222 827 ¹Quo
235 767 315 834 placet
328 766 445 833 Agricolir
463 783 567 820 maturat
580 771 661 819 meuse
673 790 683 831 ς
697 770 737 822 vel
754 776 811 824 anni

166 844 272 911 Tempus
288 843 319 895 ad
335 861 468 896 extremum
484 845 589 912 lympha
602 854 700 914 penuria
716 850 807 904 differt.

198 923 297 988 irriguis
311 938 368 988 ergo
385 926 450 988 pirus
464 923 537 973 altera
550 915 622 974 iioret
634 930 660 974 in
675 928 772 989 hortis,

165 996 247 1049 Altera
262 1001 372 1047 curvatur
388 997 485 1056 ftusiu5
503 1012 642 1065 maturaque
657 1000 726 1050 nullo
802 1058 806 1063 ⁴

165 1071 288 1138 Tempore
305 1069 419 1122 deficiunt
436 1071 540 1122 sitientes
553 1090 628 1138 poma
644 1075 765 1135 colono„

164 1147 280 1218 Dumque
294 1150 371 1202 solum
384 1167 484 1213 movet,
498 1167 539 1204 aut
551 1155 669 1205 sarmenta
680 1153 779 1206 fluenda
791 1153 863 1206 caedit

164 1225 283 1286 vinitor,
299 1227 355 1276 hinc
370 1225 451 1284 dulces
465 1230 491 1276 in
505 1226 595 1278 eisdem
608 1229 701 1294 sepibus
714 1247 770 1280 uvas

163 1304 286 1371 Colligit,
299 1297 354 1355 binc
368 1309 424 1358 vitis
439 1319 518 1371 captat
530 1305 637 1357 florentis
651 1305 761 1359 odorem.
866 1353 869 1358 .

195 1384 286 1432 Felices
299 1385 402 1432 nimium
418 1383 520 1448 populi,
534 1386 600 1451 queis
615 1383 717 1451 prodiga
733 1385 803 1436 tellus

164 1458 255 1509 Fundit
270 1475 326 1523 opes
342 1456 373 1507 ad
386 1471 444 1510 vota
457 1459 508 1508 suas
521 1477 529 1520 ς
544 1463 611 1526 queis
626 1464 729 1526 contigit
742 1463 805 1512 aesias

163 1535 263 1587 AEmula
277 1536 366 1597 Veris,
383 1538 460 1585 hiems
474 1533 522 1585 fine
540 1536 648 1602 frigore,
665 1540 766 1589 nubibus
780 1545 819 1591 ab'r

163 1609 245 1678 Usque
260 1627 341 1662 carens
352 1647 361 1673 ,
374 1610 490 1678 nulloque
506 1609 584 1660 solum
599 1611 735 1662 foecundius
748 1616 833 1666 imbre.
866 1613 869 1616 ’

193 1690 321 1740 fertilibus
334 1706 391 1756 gens
404 1686 469 1740 dives
482 1692 543 1755 agris
558 1693 656 1756 aurique
670 1688 791 1753 metallo,

161 1763 245 1818 Ditior
257 1772 359 1835 ingeniis
373 1771 500 1820 hominum
516 1769 549 1820 est
563 1772 685 1836 animique
701 1770 804 1837 benigni

160 1839 267 1902 indole3
284 1840 301 1891 fi
315 1845 392 1892 cunsii
404 1846 465 1892 resie
479 1842 601 1894 discuntur
615 1845 646 1895 ab
660 1862 709 1896 uno
717 1880 727 1907 ,

158 1915 308 1982 Linguamm
324 1934 467 1986 morumque
482 1920 576 1981 sciens,
593 1923 721 1989 interprete
734 1919 824 1986 nulio,

158 1991 262 2059 Europe
277 1996 353 2043 varias
367 2010 448 2061 gentes
463 1996 504 2062 qui
518 2008 593 2061 nuper
606 1998 710 2059 obibat,
832 2052 834 2056 ,

157 2068 253 2135 Hospes
267 2071 354 2138 ubique
369 2088 463 2132 novus,
478 2074 545 2125 nulla
557 2080 693 2142 peregrinus
708 2078 734 2126 in
748 2077 815 2129 urbe.

192 2148 292 2213 Largior
305 2152 395 2217 irriguo
411 2156 452 2219 qui
468 2154 548 2203 succus
561 2157 591 2205 ab
606 2157 684 2205 imbre
700 2152 839 2220 redundat,

156 2221 244 2275 officit
261 2227 404 2287 arboribus3
419 2230 531 2296 venisque
546 2230 653 2291 effusus,
670 2222 759 2281 inerti'

156 2302 303 2369 Corrumpit
318 2309 379 2355 carie
395 2322 510 2369 truncos,
527 2324 568 2359 aut
583 2311 681 2374 gibbere
696 2308 781 2364 rodat.
828 2369 832 2373 Α

189 2378 289 2428 Plenior
304 2380 354 2444 ipsa
370 2378 412 2430 fibi
427 2398 610 2449 nonnumquam
623 2385 733 2445 subvenit
748 2384 838 2445 arbor,

154 2452 269 2506 fundans
285 2472 375 2506 nocuos
390 2456 486 2525 dirupto
504 2464 594 2509 cortice
608 2462 709 2509 succos:
820 2521 824 2528 ι

154 2532 220 2581 Vere
236 2535 333 2598 magis3
350 2533 442 2601 largum
459 2540 516 2603 quia
533 2538 596 2587 Vere
613 2540 746 2604 tepentibus
761 2543 821 2605 agris

155 2607 252 2657 Evocat
266 2609 394 2659 humorem
409 2608 476 2659 radix
494 2630 501 2661 r
517 2614 572 2662 hinc
587 2616 704 2676 myrrha,
723 2616 839 2681 sacrisque

155 2686 242 2735 Thura
258 2682 340 2733 Deum
357 2685 453 2752 quaefita
468 2687 547 2750 focis,
564 2690 694 2757 sudataque
712 2690 779 2756 ligno

153 2760 246 2809 Pelices
261 2760 367 2812 Arabum
381 2760 459 2813 ditant
472 2766 626 2829 opobalsama
640 2766 726 2827 silvas3

153 2838 220 2889 Hinc
237 2836 302 2889 Chia
319 2838 411 2888 lentisci
427 2840 543 2904 lacrymas
560 2844 633 2892 habet
648 2842 745 2901 insuia3
763 2842 836 2893 saltus

153 2912 218 2962 Hinc
234 2911 335 2963 Calabri
351 2929 429 2964 rorem
442 2914 551 2975 stillant,
567 2932 641 2983 quem
656 2914 756 2981 frigidus
772 2922 810 2965 a'e‘r

152 2988 276 3057 Cougelat
292 3009 299 3041 ι
317 3008 330 3040 e
344 2990 408 3041 coelo
424 2991 516 3056 lapsum
530 2993 598 3058 plebs
614 2991 711 3041 credula
726 2994 817 3058 jassa,

151 3068 341 3134 AEthereamque
353 3082 426 3118 vocat
440 3085 574 3129 mannam,
593 3071 687 3119 memor
702 3069 767 3120 iilius
782 3074 839 3120 esce

150 3144 205 3209 Qua
216 3146 285 3198 Deus
301 3156 420 3197 errantem
434 3144 488 3195 loca
500 3162 543 3212 per
559 3144 651 3199 deserta
665 3161 703 3197 tot
718 3164 794 3197 mnos

725 3236 786 3288 riv
