2359 3975
281 486 327 561 3²
419 470 615 539 Pnanrr
643 474 858 543 Rustici

279 586 358 652 Atque
368 584 446 637 aditur
456 591 482 638 ec
494 590 554 639 tesia
565 586 668 651 domita,
680 592 827 657 opemmqne
837 589 973 656 magistram

279 662 312 713 Et
324 662 508 716 moderatricem
525 666 615 732 stupeat
631 684 672 732 per
686 666 778 733 fingula
791 684 907 734 mentem.

281 744 326 792 Seu
341 744 425 808 procul
440 745 528 794 obtutu
544 745 587 795 stet
604 745 819 811 contemplatorio
834 763 903 801 uno,

227 814 229 833 ²
281 817 359 883 Atque
376 816 450 868 avidis
467 822 556 884 primos
572 818 650 868 oculis
663 818 754 868 delibet
767 822 870 869 honoret

280 892 433 961 Deliciasque
446 895 514 957 loci3
534 894 580 948 sive
599 900 658 947 atria
673 900 749 963 prima
764 895 894 947 domorum
997 907 1001 915 '

275 966 376 1033 intret,
394 976 419 1023 δι
435 976 537 1023 incertus
552 984 661 1024 naturam
676 962 758 1023 laudet
774 990 805 1023 an
819 989 916 1033 artem,

280 1048 353 1100 Nunc
367 1050 427 1116 ipsas
441 1050 523 1112 tedet,
538 1066 603 1101 nunc
617 1068 672 1101 rura
685 1055 790 1117 patentia
803 1051 894 1101 circtim

277 1127 420 1191 Prospiciat.
436 1128 506 1178 Juvat
523 1131 630 1193 inprimis
647 1132 673 1178 in
689 1132 794 1195 imagine
807 1132 890 1181 vivum

280 1202 439 1263 Murmomi,
462 1202 572 1254 dicamne
590 1220 659 1255 tuum
675 1206 789 1271 populive
803 1220 926 1271 patentem

280 1281 410 1345 Aspicere3
432 1285 456 1331 δε
471 1282 544 1332 taciti
558 1286 639 1332 secum
653 1286 740 1349 pietate
756 1287 830 1334 vereri

281 1358 349 1408 Illius
366 1376 428 1421 ora,
445 1359 526 1410 viatim
544 1376 597 1427 quae
611 1362 687 1410 custos
704 1364 803 1427 optima.
813 1356 936 1427 quondam

282 1434 395 1485 Induerat
410 1472 418 1496 ‚
433 1435 501 1487 clatet
513 1452 541 1487 ut
555 1439 639 1503 Regno
656 1440 754 1487 Themis
769 1439 857 1488 arbitra
872 1437 944 1501 leges.

316 1509 416 1576 Auspice
433 1525 457 1560 te
472 1514 560 1577 priscos
577 1512 634 1561 caim
650 1510 793 1564 defendisset
810 1514 912 1562 honoret
1006 1517 1010 1524 ’

283 1588 344 1650 Qua
358 1587 430 1640 dotet
445 1606 481 1639 att
496 1590 565 1639 Pario
580 1588 663 1640 dusios
679 1608 693 1639 e
706 1606 827 1640 marmore
838 1588 922 1639 vultur
1015 1632 1020 1638 .

282 1662 413 1730 Reddere,
427 1662 468 1719 ¹vel
483 1667 540 1719 vivo
555 1672 630 1734 pistos
646 1672 751 1719 animare
765 1667 846 1718 colore
858 1684 868 1726 3

282 1744 330 1794 Illa
347 1760 413 1794 tuam
429 1747 484 1794 seris
499 1744 585 1794 satiem
602 1747 760 1794 transmittere
776 1743 851 1792 saeclit

281 1815 385 1883 Cogitat
394 1816 468 1866 officii
478 1833 571 1867 memor
582 1836 589 1865 t
602 1833 627 1866 at
637 1832 663 1867 tu
676 1817 686 1885 (
697 1833 817 1866 marmore
826 1832 981 1885 quamquam.

281 1891 404 1944 Duratuta
419 1896 494 1959 magis
508 1898 670 1943 monumentis
686 1911 736 1943 non
751 1908 805 1959 eget
821 1894 877 1945 ullis

283 1969 359 2021 Fama
373 1970 439 2040 viri)
458 1986 539 2022 tamen
552 1972 598 2022 hac
613 1970 697 2023 donari
713 1970 784 2023 laude
800 1987 924 2039 parentem

284 2049 401 2116 Expetit3
420 2064 447 2100 ut
461 2055 531 2116 patrii
545 2052 651 2116 maiestas
669 2055 718 2101 oris
731 2051 817 2104 eidem

281 2124 315 2177 Et
331 2127 382 2174 nati
396 2127 470 2192 pietas
485 2124 600 2188 aeterndm
614 2130 640 2176 in
654 2127 758 2190 imagine
772 2123 868 2176 durent.

318 2201 413 2256 Caeteta
429 2201 488 2271 quid
505 2221 639 2254 memorem
656 2221 709 2271 quae
727 2207 751 2254 se
766 2203 881 2256 miracula
899 2206 982 2271 paffim

285 2281 431 2348 objiciuntt
450 2279 549 2347 pedibus
566 2283 606 2331 seu
620 2299 674 2333 rura
692 2283 759 2332 beata
775 2284 901 2350 sequamur

284 2359 334 2410 Aut
349 2360 447 2411 oculis:
464 2377 524 2426 quot
540 2363 590 2426 ipsa
607 2376 692 2410 natura
705 2376 817 2426 vagantes

285 2436 324 2490 Ne
341 2437 409 2488 laffet
421 2441 521 2504 spatiis,
541 2438 614 2488 tolles
632 2441 742 2504 utrinque
759 2440 856 2503 supinos

286 2515 379 2580 Objicit
395 2529 435 2563 aut
453 2515 547 2563 Baccho
563 2513 669 2574 virides,
685 2515 723 2564 vel
740 2516 849 2564 messibus
863 2511 952 2572 albota

285 2591 318 2644 Et
333 2590 437 2652 mediis,
455 2607 556 2658 quantos
573 2589 671 2657 possunt
686 2590 781 2642 lustrate
796 2607 906 2642 tuentum

285 2669 409 2730 Lumina,
428 2671 495 2734 cogit
512 2671 572 2732 agris
589 2672 636 2718 toti
649 2676 710 2734 'quat
727 2673 820 2734 parcior
835 2669 889 2720 orbi

286 2745 316 2798 In
333 2746 435 2813 populos
452 2748 552 2812 partitur
569 2762 626 2811 opes
643 2744 755 2796 ditissima
770 2746 850 2797 tellus.

321 2825 380 2875 Non
397 2826 454 2876 alibi
472 2823 566 2875 tumido
581 2822 629 2874 stne
645 2825 704 2874 sustu
722 2839 787 2874 tanta
801 2822 932 2875 domorum

287 2901 419 2968 Majestast
436 2919 486 2953 non
501 2902 542 2951 ille
557 2905 622 2952 nitor
639 2919 695 2951 cum
710 2900 816 2966 simplice
833 2900 920 2962 cultu,

286 2977 347 3028 Non
356 2982 440 3044 quemi
450 2982 553 3030 nemoris
564 2997 607 3045 par
615 2981 700 3028 umbra
711 3013 720 3038 ,
735 2981 847 3045 paresque
858 2976 960 3031 recessus
971 2999 981 3041 5

287 3055 341 3113 Nec
356 3055 546 3120 similiarium,
564 3057 676 3118 ubertas,
693 3059 719 3108 δι
736 3058 812 3123 gratia
827 3053 900 3106 tonsis
