2359 3975
350 449 430 548 '256'
484 451 683 521 Prnnrr
708 447 938 520 Rvsrrcr

350 573 417 623 Cura
433 568 498 620 cadit
518 569 606 619 sobolis
617 587 623 614 t
635 571 674 616 vir
693 563 752 618 nido
770 569 850 618 abiere
867 569 982 635 gemelli,

349 648 417 699 Ctirn
431 645 492 696 redit
505 661 607 694 ovorum
619 647 710 707 primus
722 642 800 692 labor.
816 644 887 693 Hanc
902 662 948 710 ego
960 639 1032 692 tundit

349 719 506 778 Anteferam,
523 716 539 765 si
552 731 635 782 parcat
649 717 706 766 Heri
724 719 835 782 turisque
850 721 950 784 reique,

349 796 381 845 Et
396 798 470 862 gentis
486 792 516 845 de
532 811 601 843 more
616 795 698 842 cibum
710 793 812 858 vestiget
828 799 856 844 in
873 799 944 845 arvis.

381 875 462 924 Altera
468 872 533 922 mole
547 875 645 930 minor,
658 887 701 920 nec
715 885 766 919 tarn
776 869 908 931 facunda,
916 870 1028 921 domorum

349 951 405 1000 Alta
421 954 499 1017 petit,
515 947 650 1014 gaudetque
667 946 735 996 locos
752 949 862 997 habitare
881 965 990 999 remotos.

349 1027 415 1078 Ctirn
432 1028 510 1092 fruges
527 1026 583 1075 tulit
598 1024 705 1082 aestivar,
721 1023 761 1074 vel
780 1025 874 1075 semina
890 1028 979 1076 rursum

348 1103 422 1168 Cepit
437 1107 543 1161 humum
559 1117 612 1152 toto
627 1101 730 1151 volitans
745 1104 848 1151 rimatur
864 1107 979 1170 inemptae

348 1173 411 1222 Rure
426 1173 518 1239 dapes,
533 1175 656 1238 parvisque
671 1189 737 1237 parat
751 1178 866 1224 convivia
882 1177 960 1226 furtis.

381 1251 439 1300 Non
453 1252 491 1300 illi
507 1255 571 1300 cicur
588 1254 732 1316 ingenium,
748 1268 800 1300 nou
816 1253 924 1304 candida
934 1255 994 1307 veslit

348 1328 394 1379 Sed
411 1333 485 1378 cineri
502 1329 569 1379 color
586 1330 620 1378 est
634 1327 710 1377 affinis
722 1348 729 1376 ι
741 1328 809 1390 nulla
829 1347 940 1384 moratur

347 1405 433 1456 Pluma
445 1403 515 1472 pedes
527 1425 533 1454 ε
544 1422 588 1454 nee
602 1404 676 1453 celsus
691 1422 749 1469 apex
763 1409 789 1454 in
802 1412 895 1458 vertice
910 1413 989 1477 surgit.

347 1483 409 1533 Vere
425 1486 502 1549 parit,
521 1484 644 1548 pergitque
661 1498 736 1531 novos
752 1480 853 1532 educere
871 1486 966 1548 foetus3

347 1560 435 1626 Algida
449 1561 522 1625 frigus
538 1563 599 1607 iners
616 1556 675 1606 dum
690 1557 780 1608 Bruma
794 1558 911 1612 reducat:
923 1567 952 1614 ab
966 1565 1020 1614 unul

348 1640 413 1690 Dein
429 1655 498 1705 partu
513 1642 579 1703 pigre
594 1651 649 1684 curn
665 1634 737 1684 sterili
755 1635 840 1686 tellure
857 1643 970 1706 quiescit.

348 1716 514 1784 Plumipedem
526 1719 586 1764 hanc
600 1711 684 1762 dicunt
695 1746 704 1773 ,
717 1713 821 1762 saxatilis
836 1715 881 1765 ista
895 1735 1006 1779 vocatur,

348 1791 422 1853 Qudd
436 1807 509 1841 turres
528 1793 552 1838 δι
569 1790 621 1837 saxa
635 1789 735 1837 habitet.
753 1789 777 1837 Si
795 1787 890 1841 foedera
904 1794 983 1844 secum

347 1870 430 1920 Ambe
437 1872 532 1927 ineant,
540 1864 671 1931 iisdemque
679 1867 769 1930 agitent
777 1867 820 1914 sub
827 1872 952 1920 menibus
962 1884 1038 1926 aevun3

346 1944 448 1997 Derisor
463 1948 488 1994 dt
505 1944 611 2009 patribus
627 1939 726 1991 meliore
741 1939 866 1994 smillima
879 1962 949 2012 parte

346 2025 408 2075 Mox
421 2025 465 2074 tibi
480 2023 607 2073 commisto
624 2024 702 2087 surget
717 2019 747 2071 de
763 2023 879 2089 sanguine
892 2028 987 2092 proles,

347 2104 407 2164 Qut
422 2118 502 2168 parcat
517 2106 602 2163 virtu,
618 2105 643 2152 dt
661 2102 733 2152 soetus
751 2118 806 2151 tum
823 2104 945 2167 menibus
959 2120 1031 2172 equit.

379 2183 443 2249 Ergo
458 2200 501 2248 age
512 2218 521 2243 ‚
531 2199 589 2249 quas
600 2186 626 2231 in
636 2183 700 2247 spem
710 2182 790 2231 statuis
801 2184 944 2237 submittere
954 2188 1020 2252 gentis

347 2258 436 2326 Elige3
454 2263 479 2310 dt
495 2275 522 2308 ut
538 2258 621 2326 populi
638 2257 720 2307 seleda
733 2258 830 2308 colonia
844 2276 922 2325 ponat
1027 2310 1029 2315 ,

347 2337 511 2388 fundamenti
525 2341 603 2396 novi,
621 2339 739 2401 captivam
756 2333 841 2386 claude
860 2344 949 2403 paratis

346 2416 465 2475 AEdibus‚
481 2420 506 2467 dt
521 2418 630 2482 quamvis
645 2415 734 2464 tristem
749 2420 780 2463 tie
796 2431 890 2467 carcere
908 2421 983 2473 solvat

347 2491 510 2558 imprudens,
524 2490 603 2541 donee
617 2494 708 2557 primos
721 2490 798 2541 oblita
810 2509 932 2557 penates,

346 2569 378 2620 Et
391 2571 453 2635 juffir
467 2571 559 2618 habitet
573 2571 656 2628 tetris,
675 2571 700 2617 δι
715 2568 835 2617 amoribus
854 2574 937 2637 exspes

344 2642 439 2696 Audeat
456 2641 580 2707 indulgere
596 2643 665 2691 novis
677 2660 683 2689 ι
696 2656 748 2689 tum
765 2640 840 2691 libera
857 2657 914 2693 toro

348 2726 410 2773 Rure
424 2721 510 2780 volet,
526 2722 601 2785 portis
617 2735 666 2767 uno
682 2716 734 2783 post
748 2719 829 2766 meuse
844 2720 952 2773 reclusis.

347 2803 386 2853 Ne
399 2815 479 2851 tamen
494 2815 508 2859 ει
520 2795 632 2847 domibus
647 2794 710 2845 coelo
724 2796 840 2857 invitante
855 2798 954 2850 recedat

348 2879 453 2944 longius
464 2890 561 2941 ,ratque
576 2876 628 2925 suas
643 2874 686 2922 sub
700 2874 795 2921 nostem
810 2875 902 2925 nesciat
917 2876 978 2931 eder

348 2955 432 3005 Obiiti
442 2968 548 3023 remeate
564 2949 622 3012 vil,
639 2953 748 3003 mittetur
763 2952 791 3020 itt
811 2966 879 3003 auras
