<?xml version="1.0" encoding="UTF-8"?>
<!DOCTYPE html PUBLIC "-//W3C//DTD XHTML 1.0 Transitional//EN"
    "http://www.w3.org/TR/xhtml1/DTD/xhtml1-transitional.dtd">
<html xmlns="http://www.w3.org/1999/xhtml" xml:lang="en" lang="en">
 <head>
  <title>
</title>
<meta http-equiv="Content-Type" content="text/html;charset=utf-8" />
  <meta name='ocr-system' content='tesseract 3.04.00' />
  <meta name='ocr-capabilities' content='ocr_page ocr_carea ocr_par ocr_line ocrx_word'/>
</head>
<body>
  <div class='ocr_page' id='page_1' title='image "./jacobivanieriip00vanigoog/jacobivanieriip00vanigoog_0156.png"; bbox 0 0 2359 3975; ppageno 0'>
   <div class='ocr_carea' id='block_1_1' title="bbox 386 459 896 558">
    <p class='ocr_par' dir='ltr' id='par_1_1' title="bbox 386 459 896 558">
     <span class='ocr_line' id='line_1_1' title="bbox 386 459 896 558; baseline 0.01 -29"><span class='ocrx_word' id='word_1_1' title='bbox 386 459 678 531; x_wconf 58' lang='lat' dir='ltr'>linunt).</span> <span class='ocrx_word' id='word_1_2' title='bbox 829 484 896 558; x_wconf 80' lang='lat'>¹09</span> 
     </span>
    </p>
   </div>
   <div class='ocr_carea' id='block_1_2' title="bbox 171 577 829 640">
    <p class='ocr_par' dir='ltr' id='par_1_2' title="bbox 171 577 829 640">
     <span class='ocr_line' id='line_1_2' title="bbox 171 577 829 640; baseline 0 -8"><span class='ocrx_word' id='word_1_3' title='bbox 171 577 234 632; x_wconf 81' lang='lat' dir='ltr'>Cim</span> <span class='ocrx_word' id='word_1_4' title='bbox 248 593 340 630; x_wconf 81' lang='lat' dir='ltr'>teneras</span> <span class='ocrx_word' id='word_1_5' title='bbox 354 579 484 630; x_wconf 79' lang='lat' dir='ltr'>meditatur</span> <span class='ocrx_word' id='word_1_6' title='bbox 495 582 563 630; x_wconf 84' lang='lat' dir='ltr'>bians</span> <span class='ocrx_word' id='word_1_7' title='bbox 577 581 701 633; x_wconf 84' lang='lat' dir='ltr'>arbuscula</span> <span class='ocrx_word' id='word_1_8' title='bbox 714 578 829 640; x_wconf 83' lang='lat' dir='ltr'>frondet,</span> 
     </span>
    </p>
   </div>
   <div class='ocr_carea' id='block_1_3' title="bbox 83 650 834 796">
    <p class='ocr_par' dir='ltr' id='par_1_3' title="bbox 83 650 834 796">
     <span class='ocr_line' id='line_1_3' title="bbox 83 650 834 720; baseline 0.007 -21"><span class='ocrx_word' id='word_1_9' title='bbox 83 685 84 688; x_wconf 51' lang='lat'><em>=</em></span> <span class='ocrx_word' id='word_1_10' title='bbox 170 650 316 716; x_wconf 81' lang='lat' dir='ltr'>Deponenda</span> <span class='ocrx_word' id='word_1_11' title='bbox 329 652 383 702; x_wconf 87' lang='lat' dir='ltr'>solo</span> <span class='ocrx_word' id='word_1_12' title='bbox 400 652 451 714; x_wconf 85' lang='lat' dir='ltr'>est,</span> <span class='ocrx_word' id='word_1_13' title='bbox 469 651 773 720; x_wconf 72' lang='lat' dir='ltr'>trasiandaquenroliite13</span> <span class='ocrx_word' id='word_1_14' title='bbox 788 657 834 711; x_wconf 75' lang='lat' dir='ltr'>atri</span> 
     </span>
     <span class='ocr_line' id='line_1_4' title="bbox 83 727 741 796; baseline 0.012 -22"><span class='ocrx_word' id='word_1_15' title='bbox 83 743 85 774; x_wconf 74' lang='lat' dir='ltr'>r</span> <span class='ocrx_word' id='word_1_16' title='bbox 170 727 207 778; x_wconf 89' lang='lat' dir='ltr'>Ne</span> <span class='ocrx_word' id='word_1_17' title='bbox 221 729 304 780; x_wconf 71' lang='lat' dir='ltr'>brumi</span> <span class='ocrx_word' id='word_1_18' title='bbox 322 731 440 796; x_wconf 78' lang='lat' dir='ltr'>torpescat</span> <span class='ocrx_word' id='word_1_19' title='bbox 455 733 536 791; x_wconf 85' lang='lat' dir='ltr'>iners,</span> <span class='ocrx_word' id='word_1_20' title='bbox 553 746 594 780; x_wconf 86' lang='lat' dir='ltr'>aut</span> <span class='ocrx_word' id='word_1_21' title='bbox 610 731 660 782; x_wconf 87' lang='lat' dir='ltr'>sole</span> <span class='ocrx_word' id='word_1_22' title='bbox 672 730 741 782; x_wconf 83' lang='lat' dir='ltr'>fitive</span> 
     </span>
    </p>
   </div>
   <div class='ocr_carea' id='block_1_4' title="bbox 170 803 882 1028">
    <p class='ocr_par' dir='ltr' id='par_1_4' title="bbox 170 803 882 1028">
     <span class='ocr_line' id='line_1_5' title="bbox 170 803 752 872; baseline 0.003 -17"><span class='ocrx_word' id='word_1_23' title='bbox 170 803 255 856; x_wconf 78' lang='lat' dir='ltr'>Ardeae</span> <span class='ocrx_word' id='word_1_24' title='bbox 267 842 276 868; x_wconf 91' lang='lat'>,</span> <span class='ocrx_word' id='word_1_25' title='bbox 290 804 426 858; x_wconf 85' lang='lat' dir='ltr'>immodico</span> <span class='ocrx_word' id='word_1_26' title='bbox 443 807 482 857; x_wconf 87' lang='lat' dir='ltr'>vel</span> <span class='ocrx_word' id='word_1_27' title='bbox 498 806 585 872; x_wconf 76' lang='lat' dir='ltr'>palleat</span> <span class='ocrx_word' id='word_1_28' title='bbox 602 807 667 856; x_wconf 87' lang='lat' dir='ltr'>ebria</span> <span class='ocrx_word' id='word_1_29' title='bbox 681 823 752 872; x_wconf 85' lang='lat' dir='ltr'>potu.</span> 
     </span>
     <span class='ocr_line' id='line_1_6' title="bbox 200 883 755 952; baseline 0 -18"><span class='ocrx_word' id='word_1_30' title='bbox 200 885 299 934; x_wconf 75' lang='lat' dir='ltr'>Arborei</span> <span class='ocrx_word' id='word_1_31' title='bbox 315 883 388 950; x_wconf 65' lang='lat' dir='ltr'>porri</span> <span class='ocrx_word' id='word_1_32' title='bbox 404 885 477 934; x_wconf 80' lang='lat' dir='ltr'>foetus</span> <span class='ocrx_word' id='word_1_33' title='bbox 494 901 544 934; x_wconf 90' lang='lat' dir='ltr'>non</span> <span class='ocrx_word' id='word_1_34' title='bbox 560 887 673 934; x_wconf 80' lang='lat' dir='ltr'>omnibus</span> <span class='ocrx_word' id='word_1_35' title='bbox 688 901 755 952; x_wconf 82' lang='lat' dir='ltr'>aeque</span> 
     </span>
     <span class='ocr_line' id='line_1_7' title="bbox 170 959 882 1028; baseline -0.001 -17"><span class='ocrx_word' id='word_1_36' title='bbox 170 961 314 1012; x_wconf 76' lang='lat' dir='ltr'>Proveniant</span> <span class='ocrx_word' id='word_1_37' title='bbox 327 966 387 1028; x_wconf 81' lang='lat' dir='ltr'>agris</span> <span class='ocrx_word' id='word_1_38' title='bbox 399 981 404 1010; x_wconf 87' lang='lat' dir='ltr'>r</span> <span class='ocrx_word' id='word_1_39' title='bbox 416 978 494 1028; x_wconf 90' lang='lat' dir='ltr'>neque</span> <span class='ocrx_word' id='word_1_40' title='bbox 510 965 576 1012; x_wconf 91' lang='lat' dir='ltr'>enirn</span> <span class='ocrx_word' id='word_1_41' title='bbox 591 965 704 1011; x_wconf 84' lang='lat' dir='ltr'>nutritius</span> <span class='ocrx_word' id='word_1_42' title='bbox 719 959 786 1012; x_wconf 83' lang='lat' dir='ltr'>idem</span> <span class='ocrx_word' id='word_1_43' title='bbox 879 977 882 980; x_wconf 75' lang='grc'><strong>’</strong></span> 
     </span>
    </p>
   </div>
   <div class='ocr_carea' id='block_1_5' title="bbox 95 1036 821 1106">
    <p class='ocr_par' dir='ltr' id='par_1_5' title="bbox 95 1036 821 1106">
     <span class='ocr_line' id='line_1_8' title="bbox 95 1036 821 1106; baseline 0 -18"><span class='ocrx_word' id='word_1_44' title='bbox 95 1073 99 1078; x_wconf 94' lang='grc'>-</span> <span class='ocrx_word' id='word_1_45' title='bbox 170 1038 262 1090; x_wconf 86' lang='lat' dir='ltr'><strong>Humor</strong></span> <span class='ocrx_word' id='word_1_46' title='bbox 278 1042 366 1106; x_wconf 85' lang='lat' dir='ltr'>ubique</span> <span class='ocrx_word' id='word_1_47' title='bbox 380 1040 456 1090; x_wconf 86' lang='lat' dir='ltr'>subest</span> <span class='ocrx_word' id='word_1_48' title='bbox 467 1058 475 1098; x_wconf 77' lang='lat'>3</span> <span class='ocrx_word' id='word_1_49' title='bbox 487 1036 565 1088; x_wconf 81' lang='lat' dir='ltr'>radice</span> <span class='ocrx_word' id='word_1_50' title='bbox 579 1056 623 1088; x_wconf 92' lang='lat' dir='ltr'>nec</span> <span class='ocrx_word' id='word_1_51' title='bbox 637 1057 696 1090; x_wconf 85' lang='lat' dir='ltr'>unus</span> <span class='ocrx_word' id='word_1_52' title='bbox 712 1043 738 1090; x_wconf 89' lang='lat' dir='ltr'>in</span> <span class='ocrx_word' id='word_1_53' title='bbox 753 1042 821 1088; x_wconf 86' lang='lat' dir='ltr'>omni</span> 
     </span>
    </p>
   </div>
   <div class='ocr_carea' id='block_1_6' title="bbox 170 1115 816 1338">
    <p class='ocr_par' dir='ltr' id='par_1_6' title="bbox 170 1115 816 1338">
     <span class='ocr_line' id='line_1_9' title="bbox 170 1115 780 1184; baseline -0.005 -16"><span class='ocrx_word' id='word_1_54' title='bbox 170 1115 300 1168; x_wconf 88' lang='lat' dir='ltr'>Contextus</span> <span class='ocrx_word' id='word_1_55' title='bbox 310 1117 443 1184; x_wconf 83' lang='lat' dir='ltr'>similesque</span> <span class='ocrx_word' id='word_1_56' title='bbox 454 1119 498 1166; x_wconf 83' lang='lat' dir='ltr'>viae</span> <span class='ocrx_word' id='word_1_57' title='bbox 508 1150 517 1176; x_wconf 90' lang='lat'>,</span> <span class='ocrx_word' id='word_1_58' title='bbox 527 1119 594 1184; x_wconf 83' lang='lat' dir='ltr'>queis</span> <span class='ocrx_word' id='word_1_59' title='bbox 609 1117 697 1181; x_wconf 84' lang='lat' dir='ltr'>pabula</span> <span class='ocrx_word' id='word_1_60' title='bbox 712 1133 780 1167; x_wconf 74' lang='lat' dir='ltr'>terrae</span> 
     </span>
     <span class='ocr_line' id='line_1_10' title="bbox 170 1193 788 1256; baseline 0.002 -13"><span class='ocrx_word' id='word_1_61' title='bbox 170 1195 257 1246; x_wconf 86' lang='lat' dir='ltr'>Omnia</span> <span class='ocrx_word' id='word_1_62' title='bbox 270 1193 405 1246; x_wconf 73' lang='lat' dir='ltr'>succedant.</span> <span class='ocrx_word' id='word_1_63' title='bbox 421 1193 483 1244; x_wconf 89' lang='lat' dir='ltr'>Hinc</span> <span class='ocrx_word' id='word_1_64' title='bbox 498 1194 587 1244; x_wconf 85' lang='lat' dir='ltr'>semina</span> <span class='ocrx_word' id='word_1_65' title='bbox 598 1210 677 1245; x_wconf 89' lang='lat' dir='ltr'>mutat</span> <span class='ocrx_word' id='word_1_66' title='bbox 686 1198 788 1256; x_wconf 79' lang='lat' dir='ltr'>Arator,</span> 
     </span>
     <span class='ocr_line' id='line_1_11' title="bbox 170 1269 816 1338; baseline 0 -16"><span class='ocrx_word' id='word_1_67' title='bbox 170 1273 200 1323; x_wconf 82' lang='lat' dir='ltr'>Et</span> <span class='ocrx_word' id='word_1_68' title='bbox 211 1273 307 1324; x_wconf 87' lang='lat' dir='ltr'>milium</span> <span class='ocrx_word' id='word_1_69' title='bbox 322 1273 470 1338; x_wconf 84' lang='lat' dir='ltr'>sparsamque</span> <span class='ocrx_word' id='word_1_70' title='bbox 487 1269 539 1320; x_wconf 87' lang='lat' dir='ltr'>solo</span> <span class='ocrx_word' id='word_1_71' title='bbox 554 1274 688 1337; x_wconf 83' lang='lat' dir='ltr'>committit</span> <span class='ocrx_word' id='word_1_72' title='bbox 699 1288 816 1331; x_wconf 82' lang='lat' dir='ltr'>avenam,</span> 
     </span>
    </p>
   </div>
   <div class='ocr_carea' id='block_1_7' title="bbox 90 1348 763 1416">
    <p class='ocr_par' dir='ltr' id='par_1_7' title="bbox 90 1348 763 1416">
     <span class='ocr_line' id='line_1_12' title="bbox 90 1348 763 1416; baseline -0.006 -15"><span class='ocrx_word' id='word_1_73' title='bbox 90 1409 93 1416; x_wconf 43' lang='grc'>,</span> <span class='ocrx_word' id='word_1_74' title='bbox 170 1349 277 1401; x_wconf 83' lang='lat' dir='ltr'>Triticeis</span> <span class='ocrx_word' id='word_1_75' title='bbox 290 1349 404 1400; x_wconf 87' lang='lat' dir='ltr'>alimenta</span> <span class='ocrx_word' id='word_1_76' title='bbox 420 1361 509 1413; x_wconf 81' lang='lat' dir='ltr'>negant</span> <span class='ocrx_word' id='word_1_77' title='bbox 523 1348 564 1397; x_wconf 87' lang='lat' dir='ltr'>ubi</span> <span class='ocrx_word' id='word_1_78' title='bbox 574 1350 682 1398; x_wconf 83' lang='lat' dir='ltr'>meffibut</span> <span class='ocrx_word' id='word_1_79' title='bbox 698 1354 763 1415; x_wconf 83' lang='lat' dir='ltr'>a&#39;grir</span> 
     </span>
    </p>
   </div>
   <div class='ocr_carea' id='block_1_8' title="bbox 108 1425 915 3019">
    <p class='ocr_par' dir='ltr' id='par_1_8' title="bbox 108 1425 915 3019">
     <span class='ocr_line' id='line_1_13' title="bbox 124 1425 861 1494; baseline -0.001 -17"><span class='ocrx_word' id='word_1_80' title='bbox 124 1429 126 1433; x_wconf 79' lang='grc'><strong>’</strong></span> <span class='ocrx_word' id='word_1_81' title='bbox 169 1425 277 1494; x_wconf 85' lang='lat' dir='ltr'>Namque</span> <span class='ocrx_word' id='word_1_82' title='bbox 294 1443 367 1477; x_wconf 81' lang='lat' dir='ltr'>novas</span> <span class='ocrx_word' id='word_1_83' title='bbox 384 1441 459 1476; x_wconf 85' lang='lat' dir='ltr'>novus</span> <span class='ocrx_word' id='word_1_84' title='bbox 474 1425 577 1476; x_wconf 75' lang='lat' dir='ltr'>insinuat</span> <span class='ocrx_word' id='word_1_85' title='bbox 590 1427 613 1476; x_wconf 91' lang='lat' dir='ltr'>se</span> <span class='ocrx_word' id='word_1_86' title='bbox 631 1428 712 1475; x_wconf 87' lang='lat' dir='ltr'>succus</span> <span class='ocrx_word' id='word_1_87' title='bbox 728 1430 754 1476; x_wconf 88' lang='lat' dir='ltr'>in</span> <span class='ocrx_word' id='word_1_88' title='bbox 769 1427 861 1476; x_wconf 84' lang='lat' dir='ltr'>herbas.</span> 
     </span>
     <span class='ocr_line' id='line_1_14' title="bbox 199 1501 819 1570; baseline 0 -18"><span class='ocrx_word' id='word_1_89' title='bbox 199 1504 291 1554; x_wconf 87' lang='lat' dir='ltr'>interiit</span> <span class='ocrx_word' id='word_1_90' title='bbox 302 1505 387 1570; x_wconf 88' lang='lat' dir='ltr'>quibus</span> <span class='ocrx_word' id='word_1_91' title='bbox 401 1501 454 1552; x_wconf 69' lang='lat' dir='ltr'>anti</span> <span class='ocrx_word' id='word_1_92' title='bbox 469 1502 529 1552; x_wconf 87' lang='lat' dir='ltr'>iocis</span> <span class='ocrx_word' id='word_1_93' title='bbox 543 1517 612 1552; x_wconf 84' lang='lat' dir='ltr'>vetut</span> <span class='ocrx_word' id='word_1_94' title='bbox 627 1505 713 1561; x_wconf 88' lang='lat' dir='ltr'>arbor,</span> <span class='ocrx_word' id='word_1_95' title='bbox 729 1502 819 1554; x_wconf 87' lang='lat' dir='ltr'>eisdem</span> 
     </span>
     <span class='ocr_line' id='line_1_15' title="bbox 168 1577 715 1643; baseline -0.007 -11"><span class='ocrx_word' id='word_1_96' title='bbox 168 1581 245 1633; x_wconf 77' lang='lat' dir='ltr'>Altera</span> <span class='ocrx_word' id='word_1_97' title='bbox 258 1585 300 1631; x_wconf 86' lang='lat' dir='ltr'>vix</span> <span class='ocrx_word' id='word_1_98' title='bbox 316 1583 394 1630; x_wconf 89' lang='lat' dir='ltr'>oritur</span> <span class='ocrx_word' id='word_1_99' title='bbox 404 1597 412 1638; x_wconf 78' lang='lat'>3</span> <span class='ocrx_word' id='word_1_100' title='bbox 424 1579 526 1628; x_wconf 86' lang='lat' dir='ltr'>vitalem</span> <span class='ocrx_word' id='word_1_101' title='bbox 539 1577 586 1629; x_wconf 81' lang='lat' dir='ltr'>sive</span> <span class='ocrx_word' id='word_1_102' title='bbox 604 1579 715 1643; x_wconf 83' lang='lat' dir='ltr'>superstes</span> 
     </span>
     <span class='ocr_line' id='line_1_16' title="bbox 167 1657 725 1726; baseline 0 -18"><span class='ocrx_word' id='word_1_103' title='bbox 167 1658 286 1726; x_wconf 79' lang='lat' dir='ltr'>Praeripiat</span> <span class='ocrx_word' id='word_1_104' title='bbox 299 1662 396 1726; x_wconf 78' lang='lat' dir='ltr'>succum</span> <span class='ocrx_word' id='word_1_105' title='bbox 410 1657 496 1719; x_wconf 86' lang='lat' dir='ltr'>radix,</span> <span class='ocrx_word' id='word_1_106' title='bbox 511 1661 551 1710; x_wconf 91' lang='lat' dir='ltr'>seu</span> <span class='ocrx_word' id='word_1_107' title='bbox 564 1658 646 1709; x_wconf 88' lang='lat' dir='ltr'>tabida</span> <span class='ocrx_word' id='word_1_108' title='bbox 661 1659 725 1708; x_wconf 85' lang='lat' dir='ltr'>labes</span> 
     </span>
     <span class='ocr_line' id='line_1_17' title="bbox 168 1733 684 1802; baseline -0.004 -16"><span class='ocrx_word' id='word_1_109' title='bbox 168 1733 259 1788; x_wconf 86' lang='lat' dir='ltr'>imbelli</span> <span class='ocrx_word' id='word_1_110' title='bbox 278 1736 371 1787; x_wconf 84' lang='lat' dir='ltr'>funesta</span> <span class='ocrx_word' id='word_1_111' title='bbox 384 1735 445 1786; x_wconf 88' lang='lat' dir='ltr'>serat</span> <span class='ocrx_word' id='word_1_112' title='bbox 458 1739 571 1802; x_wconf 77' lang='lat' dir='ltr'>contagia</span> <span class='ocrx_word' id='word_1_113' title='bbox 586 1735 684 1800; x_wconf 75' lang='lat' dir='ltr'>plante.</span> 
     </span>
     <span class='ocr_line' id='line_1_18' title="bbox 167 1811 798 1880; baseline -0.003 -14"><span class='ocrx_word' id='word_1_114' title='bbox 167 1814 276 1866; x_wconf 77' lang='lat' dir='ltr'>Attamen</span> <span class='ocrx_word' id='word_1_115' title='bbox 294 1830 321 1864; x_wconf 89' lang='lat' dir='ltr'>ut</span> <span class='ocrx_word' id='word_1_116' title='bbox 337 1816 431 1879; x_wconf 83' lang='lat' dir='ltr'>paribus</span> <span class='ocrx_word' id='word_1_117' title='bbox 447 1815 527 1879; x_wconf 78' lang='lat' dir='ltr'>spatiis</span> <span class='ocrx_word' id='word_1_118' title='bbox 544 1813 605 1862; x_wconf 84' lang='lat' dir='ltr'>sient</span> <span class='ocrx_word' id='word_1_119' title='bbox 621 1811 705 1862; x_wconf 87' lang='lat' dir='ltr'>ordine</span> <span class='ocrx_word' id='word_1_120' title='bbox 723 1812 798 1880; x_wconf 68' lang='lat' dir='ltr'>longo</span> 
     </span>
     <span class='ocr_line' id='line_1_19' title="bbox 167 1891 721 1953; baseline 0 -10"><span class='ocrx_word' id='word_1_121' title='bbox 167 1892 261 1946; x_wconf 76' lang='lat' dir='ltr'>Arborei</span> <span class='ocrx_word' id='word_1_122' title='bbox 274 1895 355 1944; x_wconf 87' lang='lat' dir='ltr'>trunci</span> <span class='ocrx_word' id='word_1_123' title='bbox 367 1927 376 1953; x_wconf 93' lang='lat'>,</span> <span class='ocrx_word' id='word_1_124' title='bbox 389 1897 469 1944; x_wconf 85' lang='lat' dir='ltr'>vacuis</span> <span class='ocrx_word' id='word_1_125' title='bbox 483 1896 524 1942; x_wconf 92' lang='lat' dir='ltr'>ubi</span> <span class='ocrx_word' id='word_1_126' title='bbox 539 1891 635 1944; x_wconf 83' lang='lat' dir='ltr'>sedibus</span> <span class='ocrx_word' id='word_1_127' title='bbox 646 1896 721 1944; x_wconf 79' lang='lat' dir='ltr'>haeres</span> 
     </span>
     <span class='ocr_line' id='line_1_20' title="bbox 168 1969 637 2031; baseline 0.006 -11"><span class='ocrx_word' id='word_1_128' title='bbox 168 1969 262 2024; x_wconf 83' lang='lat' dir='ltr'>Restitui</span> <span class='ocrx_word' id='word_1_129' title='bbox 275 1970 350 2023; x_wconf 87' lang='lat' dir='ltr'>debet</span> <span class='ocrx_word' id='word_1_130' title='bbox 362 2006 370 2031; x_wconf 92' lang='lat'><em>‚</em></span> <span class='ocrx_word' id='word_1_131' title='bbox 383 1970 449 2025; x_wconf 75' lang='lat' dir='ltr'>vasto</span> <span class='ocrx_word' id='word_1_132' title='bbox 466 1972 557 2022; x_wconf 81' lang='lat' dir='ltr'>telluris</span> <span class='ocrx_word' id='word_1_133' title='bbox 568 1974 637 2023; x_wconf 84' lang='lat' dir='ltr'>hiatu</span> 
     </span>
     <span class='ocr_line' id='line_1_21' title="bbox 168 2040 765 2111; baseline 0.007 -20"><span class='ocrx_word' id='word_1_134' title='bbox 168 2040 234 2094; x_wconf 78' lang='lat' dir='ltr'>Foffa</span> <span class='ocrx_word' id='word_1_135' title='bbox 246 2042 289 2095; x_wconf 86' lang='lat' dir='ltr'>diu</span> <span class='ocrx_word' id='word_1_136' title='bbox 305 2058 400 2109; x_wconf 81' lang='lat' dir='ltr'>pateat:</span> <span class='ocrx_word' id='word_1_137' title='bbox 413 2058 465 2094; x_wconf 88' lang='lat' dir='ltr'>tum</span> <span class='ocrx_word' id='word_1_138' title='bbox 476 2044 585 2111; x_wconf 89' lang='lat' dir='ltr'>stirpibus</span> <span class='ocrx_word' id='word_1_139' title='bbox 601 2050 656 2111; x_wconf 84' lang='lat' dir='ltr'>igne</span> <span class='ocrx_word' id='word_1_140' title='bbox 668 2045 765 2111; x_wconf 84' lang='lat' dir='ltr'>perustis</span> 
     </span>
     <span class='ocr_line' id='line_1_22' title="bbox 167 2120 733 2191; baseline 0.009 -21"><span class='ocrx_word' id='word_1_141' title='bbox 167 2120 317 2191; x_wconf 80' lang='lat' dir='ltr'>Purgatoque</span> <span class='ocrx_word' id='word_1_142' title='bbox 330 2122 384 2171; x_wconf 86' lang='lat' dir='ltr'>solo</span> <span class='ocrx_word' id='word_1_143' title='bbox 394 2157 402 2183; x_wconf 88' lang='lat'>‚</span> <span class='ocrx_word' id='word_1_144' title='bbox 411 2138 498 2173; x_wconf 86' lang='lat' dir='ltr'>terram</span> <span class='ocrx_word' id='word_1_145' title='bbox 512 2122 542 2173; x_wconf 88' lang='lat' dir='ltr'>de</span> <span class='ocrx_word' id='word_1_146' title='bbox 555 2124 620 2175; x_wconf 84' lang='lat' dir='ltr'>valle</span> <span class='ocrx_word' id='word_1_147' title='bbox 633 2129 733 2189; x_wconf 79' lang='lat' dir='ltr'>petitam</span> 
     </span>
     <span class='ocr_line' id='line_1_23' title="bbox 168 2197 790 2266; baseline 0.006 -19"><span class='ocrx_word' id='word_1_148' title='bbox 168 2197 198 2248; x_wconf 83' lang='lat' dir='ltr'>Et</span> <span class='ocrx_word' id='word_1_149' title='bbox 214 2204 322 2265; x_wconf 81' lang='lat' dir='ltr'>putribus</span> <span class='ocrx_word' id='word_1_150' title='bbox 338 2203 451 2265; x_wconf 78' lang='lat' dir='ltr'>pinguem</span> <span class='ocrx_word' id='word_1_151' title='bbox 463 2200 528 2250; x_wconf 86' lang='lat' dir='ltr'>foliis</span> <span class='ocrx_word' id='word_1_152' title='bbox 541 2201 648 2266; x_wconf 80' lang='lat' dir='ltr'>supplere</span> <span class='ocrx_word' id='word_1_153' title='bbox 659 2217 790 2251; x_wconf 81' lang='lat' dir='ltr'>memento.</span> 
     </span>
     <span class='ocr_line' id='line_1_24' title="bbox 169 2270 773 2339; baseline 0.008 -21"><span class='ocrx_word' id='word_1_154' title='bbox 169 2270 205 2319; x_wconf 85' lang='lat' dir='ltr'>Sic</span> <span class='ocrx_word' id='word_1_155' title='bbox 223 2271 277 2322; x_wconf 86' lang='lat' dir='ltr'>crim</span> <span class='ocrx_word' id='word_1_156' title='bbox 292 2270 410 2339; x_wconf 85' lang='lat' dir='ltr'>pestiveto</span> <span class='ocrx_word' id='word_1_157' title='bbox 428 2275 480 2339; x_wconf 86' lang='lat' dir='ltr'>quis</span> <span class='ocrx_word' id='word_1_158' title='bbox 494 2272 576 2323; x_wconf 82' lang='lat' dir='ltr'>fitucre</span> <span class='ocrx_word' id='word_1_159' title='bbox 590 2275 679 2339; x_wconf 85' lang='lat' dir='ltr'>polluit</span> <span class='ocrx_word' id='word_1_160' title='bbox 694 2272 773 2333; x_wconf 82' lang='lat' dir='ltr'>aedet;</span> 
     </span>
     <span class='ocr_line' id='line_1_25' title="bbox 169 2346 708 2413; baseline 0.004 -16"><span class='ocrx_word' id='word_1_161' title='bbox 169 2347 254 2399; x_wconf 86' lang='lat' dir='ltr'>Omnia</span> <span class='ocrx_word' id='word_1_162' title='bbox 269 2350 383 2400; x_wconf 79' lang='lat' dir='ltr'>cont-asin</span> <span class='ocrx_word' id='word_1_163' title='bbox 393 2346 460 2399; x_wconf 82' lang='lat' dir='ltr'><strong>foedo</strong></span> <span class='ocrx_word' id='word_1_164' title='bbox 478 2364 593 2399; x_wconf 84' lang='lat' dir='ltr'>temerata</span> <span class='ocrx_word' id='word_1_165' title='bbox 604 2348 708 2413; x_wconf 80' lang='lat' dir='ltr'>fenestris</span> 
     </span>
     <span class='ocr_line' id='line_1_26' title="bbox 167 2423 763 2495; baseline 0.005 -22"><span class='ocrx_word' id='word_1_166' title='bbox 167 2423 268 2490; x_wconf 84' lang='lat' dir='ltr'>Ejiciunt</span> <span class='ocrx_word' id='word_1_167' title='bbox 276 2425 385 2491; x_wconf 82' lang='lat' dir='ltr'>¹procul,</span> <span class='ocrx_word' id='word_1_168' title='bbox 397 2428 422 2475; x_wconf 75' lang='grc' dir='ltr'>δι</span> <span class='ocrx_word' id='word_1_169' title='bbox 435 2423 510 2492; x_wconf 85' lang='lat' dir='ltr'>(dirae</span> <span class='ocrx_word' id='word_1_170' title='bbox 521 2430 663 2490; x_wconf 79' lang='lat' dir='ltr'>purgamina</span> <span class='ocrx_word' id='word_1_171' title='bbox 675 2426 763 2495; x_wconf 82' lang='lat' dir='ltr'>pestis)</span> 
     </span>
     <span class='ocr_line' id='line_1_27' title="bbox 167 2500 727 2554; baseline 0.002 -1"><span class='ocrx_word' id='word_1_172' title='bbox 167 2500 235 2553; x_wconf 88' lang='lat' dir='ltr'>Nuda</span> <span class='ocrx_word' id='word_1_173' title='bbox 249 2502 381 2553; x_wconf 83' lang='lat' dir='ltr'>salutiferis</span> <span class='ocrx_word' id='word_1_174' title='bbox 395 2500 526 2552; x_wconf 87' lang='lat' dir='ltr'>inodorant</span> <span class='ocrx_word' id='word_1_175' title='bbox 542 2507 633 2553; x_wconf 80' lang='lat' dir='ltr'>moenia</span> <span class='ocrx_word' id='word_1_176' title='bbox 646 2503 727 2554; x_wconf 84' lang='lat' dir='ltr'>fumis.</span> 
     </span>
     <span class='ocr_line' id='line_1_28' title="bbox 108 2578 797 2647; baseline 0.004 -17"><span class='ocrx_word' id='word_1_177' title='bbox 108 2605 110 2613; x_wconf 30' lang='grc' dir='ltr'><em>ι</em></span> <span class='ocrx_word' id='word_1_178' title='bbox 196 2581 327 2632; x_wconf 81' lang='lat' dir='ltr'>Observare</span> <span class='ocrx_word' id='word_1_179' title='bbox 341 2578 412 2644; x_wconf 82' lang='lat' dir='ltr'>polos</span> <span class='ocrx_word' id='word_1_180' title='bbox 424 2583 511 2645; x_wconf 80' lang='lat' dir='ltr'>juvat,</span> <span class='ocrx_word' id='word_1_181' title='bbox 527 2584 551 2630; x_wconf 85' lang='lat'>&amp;</span> <span class='ocrx_word' id='word_1_182' title='bbox 565 2598 615 2647; x_wconf 88' lang='lat' dir='ltr'>quo</span> <span class='ocrx_word' id='word_1_183' title='bbox 630 2580 725 2632; x_wconf 82' lang='lat' dir='ltr'>cardine</span> <span class='ocrx_word' id='word_1_184' title='bbox 741 2584 797 2633; x_wconf 82' lang='lat' dir='ltr'>coeii</span> 
     </span>
     <span class='ocr_line' id='line_1_29' title="bbox 165 2654 808 2726; baseline 0 -15"><span class='ocrx_word' id='word_1_185' title='bbox 165 2657 348 2719; x_wconf 76' lang='lat' dir='ltr'>Constiterant,</span> <span class='ocrx_word' id='word_1_186' title='bbox 365 2654 444 2707; x_wconf 83' lang='lat' dir='ltr'>eidem</span> <span class='ocrx_word' id='word_1_187' title='bbox 458 2657 544 2707; x_wconf 82' lang='lat' dir='ltr'>molles</span> <span class='ocrx_word' id='word_1_188' title='bbox 560 2676 681 2725; x_wconf 84' lang='lat' dir='ltr'>opponere</span> <span class='ocrx_word' id='word_1_189' title='bbox 698 2661 808 2726; x_wconf 74' lang='lat' dir='ltr'>plantas5</span> 
     </span>
     <span class='ocr_line' id='line_1_30' title="bbox 165 2731 753 2797; baseline -0.003 -14"><span class='ocrx_word' id='word_1_190' title='bbox 165 2734 252 2785; x_wconf 84' lang='lat' dir='ltr'>Pabula</span> <span class='ocrx_word' id='word_1_191' title='bbox 265 2752 296 2785; x_wconf 91' lang='lat' dir='ltr'>ne</span> <span class='ocrx_word' id='word_1_192' title='bbox 311 2734 413 2783; x_wconf 85' lang='lat' dir='ltr'>subeant</span> <span class='ocrx_word' id='word_1_193' title='bbox 427 2747 488 2797; x_wconf 79' lang='lat' dir='ltr'>aegre</span> <span class='ocrx_word' id='word_1_194' title='bbox 500 2750 506 2780; x_wconf 75' lang='grc' dir='ltr'>ι</span> <span class='ocrx_word' id='word_1_195' title='bbox 520 2731 537 2781; x_wconf 84' lang='lat' dir='ltr'>si</span> <span class='ocrx_word' id='word_1_196' title='bbox 555 2733 650 2797; x_wconf 88' lang='lat' dir='ltr'>respicit</span> <span class='ocrx_word' id='word_1_197' title='bbox 665 2736 753 2781; x_wconf 74' lang='lat' dir='ltr'>Accion</span> 
     </span>
     <span class='ocr_line' id='line_1_31' title="bbox 167 2806 815 2876; baseline -0.003 -14"><span class='ocrx_word' id='word_1_198' title='bbox 167 2809 224 2869; x_wconf 69' lang='lat' dir='ltr'>Qua</span> <span class='ocrx_word' id='word_1_199' title='bbox 239 2812 337 2862; x_wconf 79' lang='lat' dir='ltr'>stererat</span> <span class='ocrx_word' id='word_1_200' title='bbox 352 2825 405 2875; x_wconf 83' lang='lat' dir='ltr'>part</span> <span class='ocrx_word' id='word_1_201' title='bbox 420 2823 474 2859; x_wconf 86' lang='lat' dir='ltr'>aute</span> <span class='ocrx_word' id='word_1_202' title='bbox 492 2806 564 2858; x_wconf 86' lang='lat' dir='ltr'>Notis</span> <span class='ocrx_word' id='word_1_203' title='bbox 579 2812 678 2859; x_wconf 87' lang='lat' dir='ltr'>obversa</span> <span class='ocrx_word' id='word_1_204' title='bbox 689 2809 699 2876; x_wconf 70' lang='lat' dir='ltr'>s</span> <span class='ocrx_word' id='word_1_205' title='bbox 710 2814 815 2862; x_wconf 86' lang='lat' dir='ltr'>minores</span> 
     </span>
     <span class='ocr_line' id='line_1_32' title="bbox 166 2884 915 2956; baseline -0.005 -17"><span class='ocrx_word' id='word_1_206' title='bbox 166 2886 229 2939; x_wconf 89' lang='lat' dir='ltr'>Nam</span> <span class='ocrx_word' id='word_1_207' title='bbox 242 2890 326 2941; x_wconf 83' lang='lat' dir='ltr'>Boreae</span> <span class='ocrx_word' id='word_1_208' title='bbox 342 2884 374 2937; x_wconf 88' lang='lat' dir='ltr'>de</span> <span class='ocrx_word' id='word_1_209' title='bbox 387 2901 453 2952; x_wconf 79' lang='lat' dir='ltr'>parte</span> <span class='ocrx_word' id='word_1_210' title='bbox 468 2884 543 2935; x_wconf 83' lang='lat' dir='ltr'>latent</span> <span class='ocrx_word' id='word_1_211' title='bbox 558 2888 602 2935; x_wconf 88' lang='lat' dir='ltr'>sub</span> <span class='ocrx_word' id='word_1_212' title='bbox 616 2890 704 2935; x_wconf 71' lang='lat' dir='ltr'>cortice</span> <span class='ocrx_word' id='word_1_213' title='bbox 716 2904 781 2937; x_wconf 80' lang='lat' dir='ltr'>venae</span> <span class='ocrx_word' id='word_1_214' title='bbox 791 2889 824 2956; x_wconf 74' lang='lat' dir='ltr'>J,</span> <span class='ocrx_word' id='word_1_215' title='bbox 912 2948 915 2955; x_wconf 87' lang='lat'>.</span> 
     </span>
     <span class='ocr_line' id='line_1_33' title="bbox 165 2959 734 3019; baseline 0 -6"><span class='ocrx_word' id='word_1_216' title='bbox 165 2963 256 3019; x_wconf 83' lang='lat' dir='ltr'>Parcius</span> <span class='ocrx_word' id='word_1_217' title='bbox 273 2969 333 3017; x_wconf 87' lang='lat' dir='ltr'>hinc</span> <span class='ocrx_word' id='word_1_218' title='bbox 350 2965 448 3013; x_wconf 86' lang='lat' dir='ltr'>succum</span> <span class='ocrx_word' id='word_1_219' title='bbox 465 2960 501 3011; x_wconf 88' lang='lat' dir='ltr'>sol</span> <span class='ocrx_word' id='word_1_220' title='bbox 517 2959 530 3010; x_wconf 81' lang='grc' dir='ltr'>ὲ</span> <span class='ocrx_word' id='word_1_221' title='bbox 544 2959 663 3013; x_wconf 77' lang='lat' dir='ltr'>radicibus</span> <span class='ocrx_word' id='word_1_222' title='bbox 678 2965 734 3014; x_wconf 86' lang='lat' dir='ltr'>imis</span> 
     </span>
    </p>
   </div>
   <div class='ocr_carea' id='block_1_9' title="bbox 0 0 1184 3975">
    <p class='ocr_par' dir='ltr' id='par_1_9' title="bbox 0 0 1184 3975">
     <span class='ocr_line' id='line_1_34' title="bbox 0 0 1184 3975; baseline 0 2"><span class='ocrx_word' id='word_1_223' title='bbox 0 0 1184 3975; x_wconf 95' lang='lat' dir='ltr'> </span> 
     </span>
    </p>
   </div>
  </div>
 </body>
</html>
