2359 3975
388 478 581 552 -LIB'ER
623 482 700 550 17.
860 487 906 576 7‘9

187 601 215 653 Et
227 594 265 652 liii
279 598 295 652 fi
312 618 359 668 qua
373 600 440 651 domi
454 601 481 651 lit
493 601 543 652 filia
558 617 646 668 parva,
659 600 767 650 decoros·

187 681 301 748 ignorum
316 679 420 728 formosa
433 693 513 744 greges
525 677 641 742 farragine
657 679 755 742 pascat,
782 703 786 708 -

148 800 151 804 .
186 757 232 809 Nec
245 763 334 810 saturos
347 755 441 808 claudat
454 757 565 806 stabulis:
577 761 603 806 in
616 759 723 822 gramine
736 753 810 804 molli

185 829 299 881 Lascivam
310 830 370 880 sinat
380 830 489 880 exsultim
503 828 626 879 colludere
636 830 749 895 prolem,

182 905 249 960 Linea
265 907 324 962 'dum
336 915 402 961 tereti
415 909 529 962 devolvet
543 911 643 960 stamina
656 909 719 959 fuso.

211 987 246 1039 Ne
258 1003 339 1039 tamen
352 992 412 1038 hanc
427 991 512 1038 animis
527 985 647 1052 affuesce,
659 985 782 1053 puellula,
793 989 887 1038 vitame

182 1056 313 1125 Virginibus
329 1063 397 1111 licuit
409 1060 532 1129 quondam
546 1061 622 1122 ‚crim
633 1062 700 1111 saecla
712 1060 818 1111 fluebant

179 1137 250 1190 Aurea
261 1160 269 1200 3
279 1159 323 1192 nec
336 1145 430 1206 Satyros
447 1160 574 1193 nemorum
588 1160 630 1208 per
646 1157 721 1207 opaca
736 1141 852 1202 latentes,

178 1215 252 1268 Altera
262 1236 305 1270 nec
318 1236 424 1281 norant,
439 1225 522 1270 ovium
535 1220 611 1288 quim
623 1220 688 1269 furta
698 1255 707 1280 ,
719 1219 813 1285 puellae.

207 1291 303 1358 Vespere
315 1294 458 1345 clauduntur
470 1297 539 1361 pastis
555 1304 614 1346 cum'
624 1296 739 1344 matribus
749 1299 822 1360 agni,

126 1365 128 1370 '
176 1361 249 1416 Ubera
259 1373 325 1434 queis
340 1369 389 1419 ille
404 1369 510 1419 referunt
523 1366 645 1434 potanda,
661 1365 741 1416 diurni

177 1437 340 1506 Supplementa
350 1445 398 1492 cibi
411 1462 417 1492 a
429 1442 519 1508 depulsi
533 1444 611 1503 lade,
631 1441 736 1508 gregales

172 1515 234 1569 Inter
247 1538 321 1584 oves,
339 1522 387 1574 und
400 1528 490 1590 campis
508 1525 635 1590 pascuntur
644 1525 692 1582 3‘&
707 1520 792 1594 iisdem·

176 1592 218 1641 Sub
233 1599 296 1646 tecue
306 1599 402 1649 coelove
416 1597 486 1648 fimul
497 1599 644 1648 stabulantur
657 1611 749 1663 aperto.

203 1670 246 1722 Sed
255 1691 305 1724 non
319 1674 393 1740 longa
402 1691 484 1726 manet
495 1672 625 1726 concordia
634 1691 641 1733 ς
649 1677 739 1740 quique
747 1689 788 1738 per
798 1673 871 1723 urbee

174 1741 248 1797 Exitio
266 1750 328 1800 solet
341 1747 386 1799 effe
400 1754 457 1802 viris
469 1767 560 1817 ,pecus
576 1754 639 1801 inter
652 1749 756 1802 ovillum

173 1816 278 1872 Crudelis
292 1841 391 1891 quoque
402 1841 485 1891 regnat
499 1843 567 1876 arnor
576 1845 583 1875 r
591 1829 631 1876 vix
641 1827 752 1876 cornibus
764 1841 827 1890 agno
881 1832 895 1862 ‘-

170 1892 241 1945 frons
257 1913 336 1949 tumet
344 1916 353 1958 3
361 1899 448 1954 insanie
460 1898 575 1965 timiam
586 1899 650 1949 fetus
661 1900 758 1965 ignibus
767 1895 849 1956 arden

170 1972 276 2042 Saeraque
289 1975 376 2027 rivales
394 1979 456 2026 inter
469 1978 492 2026 se
506 1977 588 2043 prelia
598 1991 711 2038 tentant,
884 1977 893 1984 ”

169 2047 264 2104 villicus
278 2055 384 2107 effrenos
397 2056 460 2107 ferro
473 2056 517 2107 nisi
533 2072 631 2123 rumpat
643 2071 744 2106 amores.

199 2128 247 2181 Cui
261 2140 337 2199 patris
349 2134 457 2185 officium
472 2154 610 2204 nomenque
622 2136 778 2202 relinquitur,
788 2134 865 2201 ampli

169 2205 305 2279 Procerique
318 2212 417 2263 habitus
430 2216 508 2276 aries,
521 2214 621 2266 villosur
633 2217 658 2262 δι
672 2210 725 2277 ipsi

168 2284 299 2342 Candidior
309 2294 368 2345 nive
379 2326 387 2352 ,
399 2308 444 2347 uec
454 2293 563 2359 linguam
575 2308 620 2342 nec
638 2305 733 2356 tergora
744 2288 821 2355 nigri}
882 2300 887 2323 ¹

168 2361 315 2432 lnterpuncia
328 2371 394 2419 notis
404 2369 505 2429 habeat;
520 2371 627 2434 suscepta
637 2382 746 2432 paternae

167 2439 203 2493 Ne
217 2444 303 2496 referat
321 2446 390 2495 fusco
408 2430 512 2495 maculas
526 2449 552 2495 iu
566 2444 654 2495 vellere
670 2444 758 2510 ptolee.

90 2566 91 2573 ,
166 2518 268 2573 Plurima
278 2527 402 2583 cervices,
414 2539 502 2589 caput,
511 2523 593 2575 alvum
604 2522 733 2590 oculosque
743 2521 782 2572 vel
792 2523 855 2588 ipsos

166 2596 227 2649 Lana
237 2615 310 2668 tegat.
326 2600 414 2651 Rostro
426 2598 472 2651 sint
485 2618 574 2651 cornua
584 2616 674 2667 pronae
685 2614 811 2651 cruentant

164 2676 254 2729 Rivalcs
265 2685 343 2731 'eredit
357 2698 433 2731 mares
445 2700 453 2741 3
465 2686 569 2749 ariesque
580 2684 694 2747 superbur
790 2696 792 2699 ⁴

164 2753 227 2805 Cim
243 2760 318 2809 semel
335 2775 454 2810 armatam
465 2760 507 2811 srbi
518 2761 624 2811 frontem
634 2760 750 2826 intelligit
760 2793 769 2818 ‚
780 2761 829 2808 acri

162 2829 264 2885 Perciru's
280 2835 377 2887 invidid
391 2840 451 2887 rixae
468 2852 602 2904 eternaque
616 2839 700 2887 miscet
754 2831 762 2838 ’

163 2908 244 2961 Prelia
252 2932 258 2963 ι
267 2930 391 2982 pugnaces
405 2916 450 2963 hac
460 2917 604 2980 comprimet
613 2929 663 2964 arte
673 2911 796 2978 Magister.

161 2985 277 3057 Exiguam
294 2992 371 3043 clavis
386 2989 494 3041 tabulam
511 2988 740 3057 transigamus,

158 3063 288 3137 uxorque
302 3065 468 3136 procimedia
481 3068 543 3119 inter
556 3084 665 3132 cornua,
679 3068 748 3118 verso
800 3086 805 3100 ¹

696 3154 722 3207 D
737 3158 763 3208 iv
