2359 3975
277 453 324 532 9²
414 433 619 505 Pnnnrr
642 435 863 509 Rnsrrct

274 554 389 605 Exettere
403 569 498 620 rages,
515 567 586 621 atque
600 552 725 621 indulgere
740 571 872 622 procorum

274 627 422 692 Blanditiis,
437 630 485 681 alii
498 630 588 682 faciant
602 635 645 698 qui
659 632 728 697 prole
742 648 876 698 parentem.

308 707 396 758 Rtnsur
412 707 453 757 ubi
468 709 563 773 pariet,
580 708 673 758 cautloe
688 710 733 758 tibi
748 710 820 776 selige
834 713 906 765 binos

275 778 298 833 E
312 797 436 840 numero,
449 780 489 832 vel
504 778 624 830 deleilum
637 783 792 832 committere
804 787 877 834 matri

219 879 222 884 ·
276 858 302 908 Si
317 857 430 923 placeat,
447 855 520 907 fasces
534 873 635 908 curvum
649 855 751 907 finuabir
764 860 792 908 in
805 862 889 911 orbem
901 881 909 912 r

276 933 306 984 ln
320 932 402 985 medin
417 931 501 984 statues
518 933 631 994 catulos,
650 949 799 1002 matremque
814 941 933 1003 vocabis,

275 1009 386 1064 Admoto
400 1014 465 1077 prius
482 1014 537 1076 igne
553 1030 560 1058 t
579 1027 662 1076 parent
677 1014 814 1062 hortamine
831 1018 919 1078 vocis,

277 1087 325 1140 Sed
340 1106 410 1155 mage
426 1104 539 1140 natorum
555 1090 624 1140 volat
640 1089 750 1141 atterfita
767 1093 885 1159 querelis:

277 1165 330 1218 llos
347 1182 374 1218 ut
387 1168 417 1216 ab
430 1170 486 1233 igne
500 1164 567 1217 videt
581 1168 691 1227 cindos,
708 1165 822 1236 auditque
837 1185 962 1236 gementes

277 1244 330 1296 lam
348 1247 464 1310 propior.
481 1245 535 1294 casu
552 1257 620 1294 tanto
636 1248 779 1309 perterrita,
797 1245 907 1298 flammae

277 1313 354 1372 indlit
368 1325 394 1372 in
411 1319 521 1380 medias3
537 1321 667 1387 patuloque
682 1320 806 1372 celerrima
818 1325 878 1373 rillu

277 1399 350 1451 Nunc
360 1399 431 1449 illum
444 1433 453 1460 ,
469 1415 527 1449 mox
538 1394 625 1447 deinde
635 1397 731 1458 alium,
749 1413 874 1466 totamque
885 1403 977 1468 periclo

276 1475 375 1528 Liberat
388 1479 484 1530 instanti
500 1477 633 1528 sobolem:
649 1492 710 1543 quor
724 1477 768 1526 illa
784 1481 875 1544 priorer

251 1600 254 1603 .
277 1554 392 1622 Eripuit,
409 1558 495 1622 sepone
511 1572 600 1614 canet,
616 1552 648 1604 da
663 1569 748 1605 catera
764 1554 832 1606 letho

278 1631 392 1700 Corpora
401 1631 471 1686 milla
482 1633 565 1701 procul
576 1668 584 1693 ,
595 1629 635 1683 vel
645 1633 720 1682 humo
730 1631 844 1683 mandata
855 1668 865 1696 ,
876 1630 977 1688 cadaver

277 1709 318 1762 Ne
327 1711 414 1764 referat
425 1747 435 1772 ,
449 1715 589 1780 gremioque
600 1727 683 1776 parens
693 1709 844 1776 gemebunde
854 1716 946 1777 tepenti

277 1783 410 1852 Applicer,
427 1789 557 1835 extineium
571 1800 677 1851 quarens
694 1801 804 1836 revocare
820 1785 935 1836 calorem.

311 1861 430 1928 Depulsos
447 1880 462 1922 q
479 1864 537 1913 lade
554 1865 614 1912 cibis
632 1868 682 1929 jam
698 1865 766 1930 pasce
781 1863 900 1925 catellos,

277 1935 386 1989 Grandia
403 1941 445 2005 qui
462 1936 560 1990 foveant
575 1941 690 2005 generoso
708 1955 809 2005 corpora
824 1941 904 1990 succo.

312 2012 428 2064 Providus
444 2016 534 2067 arcebis
550 2018 662 2075 rabiem,
680 2012 698 2064 fi
716 2012 786 2065 dente
803 2014 903 2065 revellas

278 2086 451 2156 Compteil‘uro
467 2090 564 2143 modice
581 2107 702 2152 nervum,
720 2095 763 2158 qui
780 2089 863 2142 duetus
877 2092 907 2143 ab
922 2092 980 2145 altit

277 2164 391 2219 Articulis
408 2170 481 2235 spina
498 2162 600 2222 caudam
616 2170 722 2234 prorepit
737 2164 769 2218 ad
784 2172 868 2219 imam.

312 2246 431 2297 Dentibus
447 2250 557 2298 innocuis
574 2243 657 2297 ludens
674 2246 782 2297 lasciviat
796 2263 869 2297 unam

278 2318 405 2371 Mordlcus
419 2324 445 2371 in
460 2336 562 2372 matrem
576 2319 669 2370 catulus
683 2337 691 2368 t
707 2316 748 2369 sed
760 2321 850 2369 viribus
864 2322 960 2387 impar,

279 2398 339 2451 Non
356 2402 485 2459 homiues,
503 2417 554 2451 non
572 2415 614 2449 ore
631 2396 692 2447 ferar
707 2395 806 2449 invadet
820 2402 928 2460 inermi,

279 2474 410 2526 Mulllatut
423 2494 453 2526 ne
470 2476 549 2536 fuste,
568 2476 619 2540 lupi
634 2474 673 2524 vel
688 2472 780 2535 dente,
798 2478 912 2526 timorem

279 2550 428 2617 Concipiat,
445 2568 518 2619 quem
533 2547 590 2601 dein
606 2550 682 2615 plenis
695 2566 746 2599 non
760 2567 831 2602 eruet
842 2556 919 2603 annis.

280 2630 373 2681 Interea
386 2631 455 2697 vigili
472 2631 559 2680 latratu
574 2630 690 2689 nuntiet,
710 2643 766 2679 terat

279 2706 347 2760 Dum
362 2708 458 2759 robusta
473 2705 532 2758 linat
547 2707 627 2757 morsu
644 2706 788 2771 prosternere
805 2703 893 2757 finem.

314 2786 362 2847 Qui
379 2788 459 2852 pecori
476 2787 540 2835 canis
558 2784 654 2849 eligitur
671 2778 781 2831 defensor
796 2783 895 2846 ovillo,

279 2860 366 2914 Acrior
383 2866 409 2911 br
426 2860 493 2927 longi
510 2858 539 2910 fit
554 2860 682 2924 torporis,
699 2870 770 2923 atque
786 2856 875 2907 coloris

281 2936 359 2991 Unius
373 2940 542 3010 albentisquet
559 2939 644 3007 lupum
659 2954 690 2990 ne
703 2936 799 3005 vespere
814 2934 896 2988 Pastor
