2359 3975
301 415 379 496 Ι108
443 417 643 488 Pnnnrr
668 417 914 508 Rustici,

309 541 355 590 seu
370 553 422 604 que
439 551 500 587 terra
516 534 558 585 diu
575 549 644 599 tergo
659 536 710 583 vim
725 533 825 598 pernrlit
840 534 929 595 astris,

308 613 383 663 Versa
397 628 470 662 manu
479 645 487 671 ‚
497 627 560 660 nova
572 607 614 660 det
630 609 696 658 libris
708 609 843 676 alimenta
858 614 959 677 supinas

307 689 427 740 Plurimus
436 690 553 753 imprimis
565 686 647 752 glebas
663 685 681 734 fi
696 685 775 736 diluat
788 689 876 738 imber.

340 769 405 833 Ergo
420 781 491 818 vocet
507 765 615 830 pluviam
629 765 693 814 votis
704 797 712 823 ,
724 761 857 830 durataque
873 764 960 818 Foflor

308 846 408 898 Alliduis
425 844 499 895 discat
514 859 628 893 renovare
643 840 779 892 bidentibus
793 860 868 903 ωας

308 923 387 989 Atque
403 936 487 987 putans
502 922 578 971 vitem
594 918 659 968 durae
676 919 729 982 poli
743 917 835 984 frigora
849 921 964 981 Bruma,

309 998 438 1050 Provideat
455 1011 557 1046 matrem
574 1011 604 1044 ne
620 997 728 1059 germina
746 995 814 1058 plura
829 995 942 1062 fatigent.

340 1079 365 1126 Si
378 1091 451 1143 quem
463 1072 536 1138 digna
550 1085 632 1122 manet
647 1069 726 1118 lenti
738 1070 815 1134 gloria
827 1105 835 1130 ,
846 1071 933 1124 lunam

308 1153 446 1210 Consular;
462 1152 560 1216 agrestes
574 1147 711 1198 moderatur
725 1148 781 1200 luna
797 1148 910 1214 labores,

308 1226 375 1276 Illius
393 1230 417 1275 δι
436 1227 503 1274 vario
519 1221 607 1288 pendet
621 1239 658 1271 res
673 1222 769 1271 Rustica
781 1223 861 1273 vultu.

307 1303 403 1352 Viribus
420 1301 527 1351 exultans
545 1317 599 1366 quae
617 1302 673 1348 viris
689 1298 776 1348 inutile
792 1298 889 1364 lignum

307 1381 339 1432 Et
353 1379 440 1430 steriles
457 1377 538 1428 fundit
553 1379 652 1427 incenso
667 1374 765 1427 caudice
779 1393 887 1441 gemmas
895 1413 906 1440 ,

308 1453 436 1516 ceditur,
451 1449 548 1504 amiilos
563 1452 653 1501 Phoebe
671 1450 727 1500 crim
744 1449 839 1516 colligit
855 1457 935 1518 ignes.

309 1533 412 1584 Informi
426 1546 510 1582 contra
524 1532 600 1578 macie
615 1526 724 1578 conicere
739 1542 856 1592 putatur,

309 1610 418 1676 Cynthia
433 1609 489 1659 culm
502 1608 566 1656 lucet
581 1606 664 1670 jundo
678 1603 810 1668 pleniffima
821 1620 908 1655 cornu.

342 1690 449 1753 Ancipiti
464 1687 560 1736 mecum
576 1681 671 1732 dubitat
685 1683 727 1746 qui
741 1678 843 1733 credere.
852 1682 938 1744 lunae,

308 1765 341 1818 Et
357 1783 444 1817 terram
459 1766 580 1828 speeiem,
600 1759 652 1824 poli
668 1757 744 1824 quim
762 1757 855 1821 fidera,
866 1763 981 1823 mavult3

309 1841 399 1894 Efferat
411 1853 509 1905 reparat
524 1841 603 1895 vites,
618 1838 727 1887 breviora
740 1833 847 1886 recidens

309 1920 425 1969 Sarmenti
438 1917 535 1980 capitu
552 1917 577 1962 bt
594 1914 677 1977 pingui
696 1909 726 1962 de
741 1915 790 1962 vite
804 1929 915 1965 racemos

308 1998 382 2049 Elicit
394 1998 436 2054 3in
451 1993 545 2057 largum
559 1992 700 2039 submittens
719 1990 814 2041 brachia
829 1990 948 2044 feudum.

341 2074 432 2125 Vitales
447 2075 519 2139 aquis
537 2072 620 2119 succos
637 2065 755 2133 dispenset
772 2072 893 2136 utrimque

308 2148 471 2209 Muneribus,
484 2144 573 2213 nentri¹
583 2145 640 2194 viris
654 2158 732 2208 neque
747 2157 813 2207 parte
829 2143 926 2196 laboret
937 2165 947 2206 3

309 2228 355 2280 Sed
369 2244 471 2296 quatuor
484 2228 583 2293 panium
596 2236 667 2287 caput
682 2225 708 2271 in
726 2220 852 2273 duramina
870 2237 970 2275 truncus

308 2306 435 2373 Explicet,
446 2302 509 2357 unde
526 2300 590 2353 novi
607 2313 728 2364 reparetur
747 2297 833 2349 fronde
848 2306 991 2366 quotannis.

339 2380 380 2434 ¹Ne
393 2384 483 2434 laceros
498 2380 568 2431 hebes
582 2378 673 2427 immiti
685 2375 736 2424 falx
748 2376 846 2426 vulnere
859 2395 943 2429 raneos

310 2465 460 2521 sauciemur
474 2463 527 2510 nisu
541 2472 666 2524 penetrans
682 2460 774 2523 majore
787 2472 897 2510 morewr

309 2534 463 2600 Delall'etque
478 2550 562 2583 manus
574 2566 583 2591 ,
595 2529 677 2581 scabri
691 2532 800 2596 rubigine
811 2533 909 2595 nigram

311 2610 376 2663 Core
390 2622 464 2659 novet
476 2624 484 2665 3
497 2608 542 2657 viti
556 2621 601 2654 nec
617 2604 725 2655 Rusticus
739 2621 805 2663 arma
819 2609 929 2673 requirat

309 2689 391 2740 Altera
408 2682 532 2751 fingendae.
549 2682 646 2749 Capulo
661 2685 740 2733 vicina
756 2682 849 2747 saligno

310 2768 366 2820 Part
381 2770 440 2817 acies
454 2768 492 2815 cui
509 2766 587 2822 reda,
601 2760 653 2811 sinu
669 2762 757 2814 falcata
772 2778 874 2820 recurvo

310 2844 439 2903 Fleffitur3
450 2857 477 2893 us
490 2839 561 2891 ductu
575 2836 701 2889 frondator
715 2837 822 2904 fimplice
838 2843 917 2893 vitem

310 2926 426 2990 Anaputet
439 2922 543 2986 obliquis
560 2917 643 2973 cadens
656 2922 682 2967 in
696 2919 793 2983 vestigia
810 2919 898 2984 plagis.

310 3002 334 3051 A
347 2999 409 3049 lietu
426 2997 486 3048 finus
498 3000 524 3045 in
538 2995 641 3045 roilrum
653 2999 773 3059 procurrit
785 2993 926 3054 aduncum,

313 3081 338 3131 Si
354 3075 413 3145 quid
425 3080 453 3129 in
468 3074 566 3139 angusto
580 3070 730 3139 purgandum
741 3075 841 3139 pputeia
855 3076 948 3125 nuntie
