2359 3975
297 468 344 541 68
417 472 626 546 Pnnnrr
651 479 875 548 Rutrrcr

298 589 353 651 Qui
362 590 439 641 veluti
449 589 520 643 cavei
529 594 621 644 clausus
632 629 640 656 ,
651 592 783 662 validisque
793 596 897 660 capistrit

297 664 351 715 Alte
363 669 483 741 substrleii
492 668 625 737 quadrupes
634 676 741 732 cervice,
750 670 890 722 medentum

296 745 402 798 Arbitrio
412 750 492 798 succos
502 749 586 798 nolent
593 750 706 827 pbsotbet
720 765 825 800 arnatot.

329 821 458 874 Claudicat
470 823 591 875 interdum
602 841 682 875 taurus
693 843 756 885 tneo
765 818 927 877 vulnerisulla'

296 893 368 958 Signa
377 911 459 960 patent
469 916 476 946 r
487 895 505 946 fi
515 913 583 949 crura
593 915 666 948 manu
674 898 787 965 perpere,
798 897 890 948 doloris

296 969 425 1036 Impatiens
438 971 509 1024 docet
523 975 571 1039 ipse
581 975 664 1024 locum
671 1010 680 1037 ‚
688 992 738 1040 quo
748 977 842 1040 sanguis
851 976 968 1024 inhaerens

295 1043 390 1097 Putruit
401 1047 487 1098 effiisut
496 1053 562 1100 venis
574 1067 582 1108 ς
596 1052 677 1100 sevire
691 1049 778 1100 salubri

296 1122 340 1173 Nil
356 1123 439 1174 dubita
450 1124 531 1185 ferro,
542 1129 710 1193 vomicamque
719 1128 808 1190 aperire
819 1124 944 1174 latentem.

295 1199 372 1250 Ulcus
383 1202 423 1250 ubi
433 1216 497 1252 tenet
508 1205 556 1252 ima
567 1199 675 1267 pedum,
688 1199 828 1252 rescinditur
838 1202 923 1265 unguis

294 1276 427 1330 Aduivum
440 1297 448 1338 ς
459 1283 483 1328 δι
495 1277 587 1343 scalpro
598 1275 672 1328 sanies
682 1276 794 1344 (lupique
804 1277 884 1325 bibaei

295 1354 435 1406 Detrahitur
447 1374 453 1404 t
466 1370 518 1404 tum
528 1372 568 1420 pes
583 1357 651 1404 vatio
664 1352 823 1404 medicamine
833 1352 899 1402 fotus

296 1429 407 1482 induitur
424 1431 515 1491 soleant
528 1434 678 1498 includitque
687 1433 780 1496 spartea
792 1428 884 1480 circtitn

294 1502 378 1554 Fascia
394 1505 477 1554 lethali
494 1503 590 1570 plagam
607 1502 716 1554 defendit
731 1506 761 1553 ab
773 1505 860 1554 imbre·

330 1582 439 1632 Oceanus
451 1583 554 1632 scabiem
563 1579 716 1632 mordacibus
726 1581 786 1631 eluit
796 1577 881 1632 unditt

298 1658 323 1708 Si
336 1657 426 1709 mediat
437 1661 527 1709 habitet
538 1659 588 1708 alto
602 1659 687 1725 procul
697 1675 792 1725 aequore
804 1673 893 1718 terrast

297 1737 394 1788 Auxilio
410 1741 525 1797 veniant,
540 1736 578 1787 vel
593 1752 664 1801 aquas
674 1738 768 1785 imitata
777 1738 880 1784 marinas

297 1814 408 1878 lympha
418 1817 494 1879 grauis
505 1813 569 1872 sale,
580 1813 618 1863 vel
629 1812 689 1877 pelli
701 1811 799 1862 defritia
808 1814 896 1876 rigenti
943 1870 946 1874 Α

297 1888 363 1940 Allia
378 1889 417 1939 vel
429 1891 512 1954 pingui
524 1885 630 1938 dilutum
644 1888 742 1954 sulphur
756 1887 862 1940 anturci.

331 1967 402 2018 Pestis
412 1967 471 2018 inest
480 1969 547 2018 cotio
557 1969 636 2035 major
645 2003 653 2029 ,
664 1967 721 2019 ttlrn
732 1967 794 2018 forte
805 1970 895 2033 tepenti

296 2044 345 2097 Bos
359 2044 444 2096 sudore
459 2043 557 2097 madent
574 2042 654 2111 gelidi
664 2044 756 2096 refrixit
766 2046 796 2094 ab
806 2043 864 2095 auri
875 2062 885 2104 i

296 2119 393 2173 flereat
405 2122 515 2173 eminulis
530 2136 557 2173 ut
571 2126 622 2189 jam
639 2124 700 2173 tutia
710 2120 776 2172 arida
791 2122 882 2183 collis,

296 2198 413 2268 Decoque
427 2198 538 2249 florentes
552 2200 618 2249 loros
629 2234 638 2259 ,
648 2202 674 2249 ut
689 2199 739 2249 sole
750 2200 792 2248 sub
803 2200 855 2263 ipso

298 2268 377 2337 Terga
391 2272 474 2323 fovent
486 2307 495 2334 ‚
508 2270 639 2338 superadde
652 2272 728 2322 fraces
742 2271 866 2339 fecemque
876 2266 952 2337 Lyci.

331 2349 458 2402 Solvuntur
467 2366 551 2411 vena,
566 2352 659 2417 quoties
675 2350 774 2399 ludatur
786 2352 875 2416 iniquit

298 2426 391 2486 Taurus
405 2431 482 2493 agris,
494 2427 537 2477 libi
550 2425 687 2479 contuderit
699 2426 738 2479 vel
748 2427 814 2478 eolla
824 2426 863 2478 vel
874 2442 965 2479 armoe.

298 2504 323 2554 Si
334 2502 414 2553 media
426 2507 541 2553 intumuit
555 2508 653 2562 cervix,
663 2520 740 2570 neque
750 2506 843 2569 sanguis
853 2518 954 2569 utraque

297 2573 384 2626 Miffus
395 2577 425 2625 ab
439 2576 543 2625 auricula
553 2575 613 2643 quid
626 2578 718 2642 profuit
729 2579 814 2637 3illine
824 2580 906 2628 sebum

298 2654 424 2708 Hircinurn
432 2654 609 2722 ,liquidamque
615 2661 692 2723 picem
699 2659 872 2724 ‚bubulamque
880 2656 1029 2711 medullam.

331 2730 420 2781 Hausta
433 2736 558 2782 cruentatis
575 2736 617 2782 ubi
630 2733 737 2783 faucibus
747 2732 813 2783 hesit
824 2730 933 2791 hirudo,
1025 2784 1028 2789 ,

299 2808 352 2859 Nec
365 2811 473 2861 manibus
485 2826 552 2875 potes
566 2811 676 2862 infestam
686 2809 811 2861 detrudere
824 2810 935 2876 pestem5
956 2852 963 2857 .

299 2885 420 2936 Grandior
432 2890 540 2939 inseritur
549 2885 654 2939 didutru
663 2887 740 2939 fistula
750 2888 836 2938 malit:
888 2880 894 2902 '

299 2962 426 3026 Supposrto
440 2968 516 3013 cimex
525 2969 559 3017 ita
574 2963 660 3016 deinde
670 2969 786 3031 peruritur
800 2969 874 3029 igne,

300 3036 337 3086 Ut
346 3039 415 3087 tubus
432 3056 540 3106 acceptos
553 3045 617 3093 intut
634 3044 778 3091 transmittat
793 3039 892 3093 odoret.

301 3113 380 3168 Nidor
392 3120 460 3187 enim,
473 3117 550 3185 proni
563 3119 644 3173 liantit
657 3122 747 3174 territe
762 3120 858 3185 juvenci
