2359 3975
321 507 356 516 ”
397 501 590 574 itm
627 505 704 576 IV.
860 488 918 607 ἢ

180 619 325 676 Commoda
341 618 393 671 sola
409 620 473 682 sibi3
492 623 564 689 pleno
579 622 621 675 sed
636 625 723 676 balimt
738 639 802 688 ore,
899 616 906 654 ³

180 702 307 752 Palantem
325 701 428 750 meliora
445 719 532 752 vocant
550 701 581 754 ad
598 706 685 771 pabula
700 707 806 756 turbam.
901 696 906 732 '¹

213 779 272 830 Non
285 782 360 840 rixa,
372 795 422 829 non
433 781 497 831 bella
509 786 594 848 vigent
606 802 614 844 3
624 784 745 852 vallesque
760 800 803 850 per
815 783 877 834 imao

181 858 207 908 Si
221 858 301 923 placet
315 855 413 907 adverso
425 862 576 910 committere
586 865 675 912 vertice
688 879 811 929 pugnam,

180 935 271 986 fronte
288 933 344 986 licit
358 935 464 986 frontem
477 939 606 1005 quatiant,
623 942 648 988 it
663 942 740 989 rursus
754 943 780 989 in
793 942 868 990 iiiam

180 1012 333 1075 Pendentet,
351 1015 453 1064 sublime
464 1031 536 1082 caput
550 1017 684 1083 jaculentur
699 1021 725 1068 in
740 1018 851 1077 hostem,

180 1091 272 1142 latior
289 1089 380 1141 excelsa
391 1092 467 1142 custos
484 1109 497 1142 e
511 1109 568 1159 rupe
583 1094 719 1161 frequentes

181 1166 289 1220 Assultus
303 1169 449 1238 longamque
462 1169 529 1222 videt
546 1171 595 1222 stne
607 1175 720 1240 sanguine
735 1189 850 1240 pugnam.

182 1245 258 1308 Quod
275 1243 292 1297 fi
309 1247 372 1298 sorte
391 1265 472 1314 graves
484 1248 616 1314 procedant
630 1250 726 1318 lougius
741 1255 802 1311 ira,

181 1324 242 1376 Non
257 1341 316 1390 opus
334 1323 367 1374 est
383 1325 469 1374 baculo
485 1329 562 1376 rixam
574 1326 668 1393 placare
679 1329 805 1395 sequestri:

182 1401 222 1452 De
235 1418 304 1468 grege
321 1419 377 1452 nam
392 1399 501 1452 medium
518 1405 565 1454 sese
576 1404 721 1455 bellantibne
736 1403 832 1466 offert,
862 1395 867 1402 ¹

185 1479 293 1546 Pugnam
308 1477 449 1545 interposito
463 1477 562 1531 dirimat
574 1485 617 1549 qni
634 1499 734 1548 corpore
746 1500 844 1534 verrere

217 1557 247 1607 ln
264 1557 304 1606 sne
318 1555 438 1607 Naturam
453 1557 511 1622 gula
523 1561 601 1608 vineit
615 1557 711 1609 edacior
720 1578 728 1609 e
738 1562 814 1626 ipsam

76 1651 81 1658 ’
185 1633 266 1684 Mater
276 1637 341 1682 enim
351 1668 359 1693 ‚
372 1633 508 1683 stimulante
520 1633 584 1683 fame
593 1669 602 1694 ,
611 1650 682 1685 vorat
694 1639 770 1702 impia
782 1635 898 1701 prolenis

186 1712 226 1762 Ast
241 1729 288 1762 ove
302 1710 369 1761 nulla
380 1725 464 1777 parens
479 1711 553 1762 scenis
569 1709 695 1762 studiosior
706 1732 714 1761 e
725 1729 813 1780 agnum

184 1787 278 1839 Blanda
293 1787 380 1849 fovet,
398 1787 551 1854 clausumque
567 1787 664 1839 domisi
680 1788 771 1840 deserat
780 1826 788 1852 ,
798 1792 879 1841 herbae

186 1863 294 1926 Taedet,
311 1865 471 1916 &absentem
486 1863 605 1916 balatibus
619 1868 693 1934 usque
708 1868 811 1934 reposcit
900 1890 905 1898 ·

185 1944 349 2013 Progeniem,
364 1942 482 2010 parilique
498 1947 589 2011 rumpit
604 1945 679 1997 ovilia
693 1946 786 2013 questu.

220 2022 266 2073 Illa
284 2022 342 2072 mali
353 2026 445 2087 patiens
457 2026 481 2072 bc
494 2026 573 2073 nescia
586 2026 678 2074 viribur
691 2028 746 2089 uti,

186 2098 297 2151 offensas
310 2098 390 2149 ultura
408 2100 480 2159 suast
496 2099 573 2150 oblita
590 2105 723 2162 timorem,

187 2176 268 2231 Audet
284 2180 310 2227 in
327 2175 438 2229 adversos
454 2176 589 2242 generosior
607 2180 641 2227 ire
656 2176 791 2240 molesiost
899 2195 903 2204 ·

188 2255 213 2304 Si
229 2256 322 2320 quirin
337 2254 418 2317 aprico
433 2248 556 2303 ludentem
572 2256 679 2318 gramine
693 2252 777 2305 ludens

189 2330 289 2397 imperit
301 2364 309 2389 ,
321 2331 345 2378 bt
363 2327 425 2379 vani
443 2327 574 2378 formidine
590 2333 683 2378 territat
697 2346 795 2394 agnum.

223 2407 279 2469 Qua
290 2409 343 2474 quis
353 2422 429 2457 matre
437 2409 500 2457 satus
509 2406 518 2467 s
524 2406 581 2457 edm
589 2405 618 2456 sit
626 2407 694 2457 color
705 2409 817 2458 omnibus
826 2424 888 2461 unns
894 2442 908 2478 ,

189 2485 243 2537 Nec
261 2484 333 2536 facies
344 2485 458 2556 diversa)
472 2486 528 2538 licit
545 2486 684 2555 dignoscere
698 2487 779 2538 Pastor

189 2562 250 2613 Non
264 2562 344 2613 valeat
355 2564 487 2623 ;‘sobolem
503 2580 597 2627 mater,
610 2576 736 2633 caramque
750 2567 850 2619 vicisim

190 2640 319 2706 Progenies
332 2640 394 2691 miri
406 2645 474 2693 novit
485 2646 573 2709 pietate
587 2657 726 2709 parentem:

189 2718 257 2769 Nam
274 2715 343 2768 simul
359 2734 385 2769 ac
402 2720 468 2784 pastu
479 2718 576 2769 reduces
592 2718 623 2770 ad
636 2720 710 2772 ovilia
722 2720 790 2785 cogit
895 2727 904 2738 “’

190 2794 282 2860 Vesper
297 2811 355 2846 oves
367 2830 376 2855 ,
387 2794 437 2844 lati
453 2793 571 2861 plaudunt
585 2794 736 2846 venientibus
748 2796 804 2859 agni
897 2850 902 2860 x

191 2870 332 2933 Manibur3
348 2875 374 2923 &
388 2868 464 2922 caudi
475 2868 518 2923 visi
533 2872 623 2937 gestire
634 2871 765 2929 trementi,
803 2875 805 2882 ·
899 2875 902 2884 ’

192 2949 278 3001 Balatu
294 2966 379 3003 tenero
397 2947 456 3000 dant
473 2951 641 3016 'accipiuntque
656 2947 773 2997 salutem:

192 3028 245 3082 Nec
260 3043 353 3095 mura,
369 3028 466 3083 lauanti
481 3025 850 3097 pendentuuberesiengam‘·
885 3020 901 3047 ³
