2359 3975
313 463 500 538 Lanu
536 465 653 538 ΧΗ.
778 490 868 565 237·

148 578 218 632 Para
232 581 285 632 suos
301 580 364 633 filvis
380 581 451 634 nidos
468 585 615 647 abscondit,
634 590 657 635 bc
675 583 739 635 ultro

110 655 244 719 Incubat,
262 673 289 707 ac
303 658 389 709 mediis
404 676 500 726 apparet
514 666 590 712 rarior
606 666 688 728 agritt

80 750 81 753 ¹
111 735 152 786 Ut
165 732 290 786 modicam
299 735 413 787 Cererem
427 754 598 806 properataque
611 739 699 806 pabula
713 744 801 806 raptim

111 813 235 879 Carpat,
254 819 279 865 bc
295 813 326 865 ad
341 832 408 865 caros
423 816 522 877 redeat,
540 819 580 867 sua
595 817 701 884 gaudia,
716 835 795 870 natos.

149 890 325 956 Nequicquam
338 892 415 941 tutilIs
428 894 476 941 sese
492 893 539 943 fert
552 896 637 945 obvius
651 895 714 956 alis,

111 965 151 1017 Et
166 980 233 1016 rotat
246 969 273 1015 in
289 970 368 1016 varios
381 983 465 1033 corpus
479 970 611 1020 revolubile
625 988 695 1037 gyros

110 1045 198 1096 Parus
212 1059 311 1102 amauit
326 1061 455 1113 pennaque
468 1046 526 1096 levis
541 1047 663 1100 blanditur
675 1053 753 1103 amico

110 1123 232 1190 Verbere
240 1141 246 1171 ι
259 1122 293 1172 nil
305 1122 404 1185 sormi,
416 1125 516 1191 querulo
525 1127 562 1178 nil
572 1145 693 1180 murmure
704 1165 712 1190 ,
725 1129 818 1182 blandis

110 1199 162 1251 Nil
178 1201 230 1264 agit
246 1198 382 1259 illecebrir;
398 1205 423 1250 bt
437 1204 619 1269 inexpugnabile
634 1209 713 1271 pedus

109 1276 240 1342 conjugis
253 1274 318 1326 baud
331 1276 380 1326 alio
396 1277 470 1344 quim
485 1280 559 1343 prolis
573 1299 656 1332 amore
671 1299 780 1338 tenetur:

111 1355 189 1406 lilius
204 1350 332 1418 indignans
346 1369 432 1414 curas,
447 1353 581 1422 vIduosque
594 1363 693 1409 maritus

110 1431 253 1496 Impatiens
268 1427 299 1478 fic
316 1433 350 1479 ire
362 1427 432 1490 dies,
450 1429 536 1496 flagra
550 1437 639 1484 excitus
653 1436 701 1485 uni
794 1493 797 1502 Ι

109 1509 172 1560 Iam
189 1508 255 1556 rabie
270 1524 277 1557 a
290 1523 341 1557 non
356 1525 397 1558 ore
411 1525 513 1571 tamen,
529 1528 579 1560 non
591 1511 686 1562 vindice
703 1514 781 1578 penui
801 1529 806 1539 “

110 1580 201 1634 Audet
215 1585 243 1630 in
259 1581 361 1632 oblitam
376 1583 477 1633 thalami
494 1587 634 1651 consurgere
650 1605 754 1654 pavamr

108 1659 207 1709 Obstat
223 1660 288 1708 enim
303 1662 343 1724 pia
357 1658 468 1710 feminei
482 1667 614 1713 reverentia
629 1663 716 1727 serit,

110 1737 220 1803 Ignibus
238 1751 286 1784 ova
300 1737 346 1784 suis
362 1739 462 1786 inimica
476 1741 597 1802 requirit,
614 1745 637 1790 bc
653 1758 707 1792 atro

111 1814 214 1864 Funere
231 1813 399 1873 semianimes,
419 1817 445 1866 b(
463 1813 562 1864 vixdum
579 1833 678 1867 munere
692 1823 749 1872 vita

110 1893 235 1946 Donatos
253 1894 349 1955 perimit
365 1893 437 1942 foetus
450 1911 458 1953 3
474 1897 582 1962 natisque
597 1899 713 1950 reclusam

110 1967 255 2021 Ostendens
269 1967 364 2032 lucem,
382 1971 442 2023 lucit
455 1990 521 2039 pater
535 1977 623 2043 impius
636 1977 704 2029 usum

109 2046 202 2111 Eripit
218 2061 225 2093 t
241 2041 333 2095 effreno
348 2046 442 2108 tannim
458 2050 491 2097 est
506 2052 532 2099 in
546 2067 628 2102 amore
644 2053 748 2107 furoris!

147 2121 182 2174 ld
197 2137 306 2172 metuens
318 2121 414 2173 dulcem
426 2124 544 2176 fruticosis
558 2129 658 2179 firmina
670 2146 765 2197 partum

110 2195 257 2255 Abscondit
273 2196 389 2258 latebris,
405 2202 430 2247 bt
448 2199 520 2264 longi
533 2204 634 2267 ambage
648 2208 761 2269 viarum,

95 2275 234 2327 'circuitu
251 2272 345 2338 longo,
359 2288 488 2323 nemorum
502 2292 543 2339 per
556 2280 676 2343 inhospita
688 2299 756 2333 ueros

110 2349 262 2404 Diffimulat
279 2348 371 2407 calles;
388 2348 519 2415 oculosque
534 2367 575 2416 ptr
590 2359 673 2409 omnia
689 2362 779 2411 circum

110 2430 220 2496 Erigit,
237 2422 367 2476 observans
377 2441 407 2475 ne
421 2442 495 2491 pavus
508 2431 538 2479 δι’
548 2431 597 2494 ipse
610 2434 708 2483 viciffim
753 2482 755 2487 .

109 2506 228 2562 Occulti
244 2502 344 2556 timidos
361 2505 537 2570 speculetur'ab
551 2511 636 2559 arbore
650 2511 747 2577 grelsus.

144 2588 216 2639 Mox
231 2585 273 2633 ubi
285 2582 407 2648 pullorum
420 2600 474 2649 part
488 2583 553 2636 edita
569 2587 628 2637 lucis
642 2592 668 2639 in
682 2608 748 2644 auras

109 2658 237 2717 Prodiit3
251 2657 368 2707 exsultans
380 2654 487 2708 suceelsu
503 2677 583 2725 pava,
599 2662 755 2733 laborumque

81 2755 82 2758 ’
109 2742 273 2806 Impatiens,
293 2737 390 2803 reliquis
403 2754 454 2787 non
470 2739 573 2804 amplius
588 2742 687 2793 incubat
703 2749 772 2796 ovis:

81 2807 82 2812 ’
111 2819 174 2871 Nec
192 2818 269 2880 magis
283 2810 351 2864 ardet
366 2817 429 2864 iners
443 2813 508 2863 male
520 2830 576 2864 nata
589 2822 700 2880 po'e'mata
716 2821 788 2871 Vates

111 2891 202 2945 Edere
214 2916 225 2948 ,-
239 2886 314 2953 quim
329 2887 408 2952 pullos
423 2889 474 2936 avis
488 2886 615 2936 ambitiosa
630 2904 734 2940 recentes

80 2961 84 2992 ¹
114 2966 217 3029 cestiat
234 2976 251 3011 e·
263 2962 357 3014 latebris
371 2965 398 3015 iu
412 2976 519 3028 apertum
534 2960 634 3013 educere
647 2964 746 3017 coelum.

81 3038 85 3068 ¹
152 3037 289 3099 connati
302 3054 431 3096 aemorum
446 3054 522 3096 cetos
536 3039 639 3098 satutare
653 3041 774 3112 accessura
847 3088 850 3095 .
