2359 3975
332 495 398 582 146
462 489 665 564 Pnnorr
692 490 920 566 Rusrrct

322 611 448 664 Continuo
464 611 528 662 sedes
545 629 617 678 arque
632 617 765 679 interrupta
779 613 917 681 relinquens

321 693 448 752 Stamina,
465 692 507 740 sub
526 690 591 740 foliis
608 690 707 750 latitat,
725 706 770 740 nec
785 690 827 741 fila
844 698 932 743 retexit

320 770 451 835 Amplius,
470 768 556 833 ignavi
570 771 676 817 moriens
692 766 822 819 formidine
840 770 911 821 lethi.

319 845 467 913 Ignoscenda
484 843 582 912 quidem
602 847 671 893 tinea
690 842 798 894 formido
812 864 820 904 3
836 851 945 898 virorum

320 929 345 977 Si
363 928 469 992 stupeant
487 923 558 974 iimili
577 925 721 985 bombicina
733 922 807 973 corda
824 941 922 990 pavore.

352 1005 415 1069 Ergo
433 1005 540 1051 serenato
558 999 617 1050 dum
634 1000 678 1048 lux
695 1003 770 1049 micat
787 1017 858 1051 aurea
875 1003 961 1063 cerlo,

319 1081 438 1132 Pendulus
457 1081 505 1128 alta
521 1081 589 1143 super
606 1076 704 1126 bombix
722 1077 827 1128 tabulata
845 1078 953 1129 laborem

318 1157 424 1216 Insistit3
442 1153 583 1219 mediusque
599 1154 665 1202 brevi
681 1152 704 1201 se
722 1169 815 1203 carcere
833 1153 945 1217 claudit,

318 1235 383 1284 Ditis
400 1247 457 1297 opes
475 1233 535 1280 uteri
553 1227 676 1287 fundens,
696 1232 784 1294 ovique
802 1228 905 1295 figuram

316 1311 415 1362 Sedulus
431 1309 544 1374 effingens
560 1307 663 1372 opifer;
681 1311 705 1357 ot
723 1308 822 1358 stantine
837 1326 984 1378 quamquam

316 1394 369 1459 lpse
386 1394 428 1441 suo
447 1392 554 1455 tegitur3
572 1402 674 1448 tamen,
694 1403 721 1438 ut
737 1389 793 1438 crim
809 1393 887 1440 vitrea
902 1393 970 1455 piscis

316 1469 403 1534 Stagna
419 1469 501 1536 secat?
519 1462 652 1530 mediisque
668 1480 752 1515 natans
769 1482 866 1532 apparet
882 1471 909 1517 iu
923 1466 1001 1520 undis:

314 1546 381 1597 Atria
399 1543 429 1594 iic
446 1547 550 1609 primum
568 1543 668 1590 bombix
685 1559 727 1607 per
742 1546 823 1609 virgea
838 1542 910 1593 iilum

312 1623 380 1673 Intus
397 1622 438 1670 ubi
454 1624 515 1686 regit
530 1635 591 1678 ore,
610 1633 678 1683 potet
696 1621 798 1685 speiiate
814 1624 909 1671 viarum

314 1699 436 1750 Circuitus
448 1713 508 1763 quos
519 1695 586 1744 mille
606 1694 684 1760 legit,
700 1697 806 1762 quosque
820 1699 919 1748 orbibus
929 1702 997 1751 orben

313 1775 418 1839 Impiger
435 1772 605 1837 agglomerat;
623 1769 712 1819 nebuii
727 1769 786 1820 dum
803 1772 897 1822 clausus
915 1777 990 1841 opaci

311 1851 402 1900 Denset
412 1867 471 1914 opus
481 1885 489 1907 ‚
501 1848 568 1916 quod
579 1847 635 1898 dein
646 1850 776 1916 tranquilia
785 1867 828 1916 per
836 1854 889 1902 otia
898 1855 1016 1920 complet,

310 1925 385 1975 Dives
403 1925 541 1974 inexhausto
559 1927 657 1974 mittens
673 1941 686 1972 e
704 1927 797 1990 pediote
814 1925 902 1978 velius.

310 2003 378 2065 Quos
394 2002 471 2052 oculis
489 2005 538 2069 jam
555 2018 606 2051 non
624 2002 681 2051 iicet
692 1992 822 2053 'observate
840 2004 956 2069 labores,

309 2080 405 2131 Arreiii
422 2080 506 2146 vigiles
524 2078 650 2145 explorent
664 2097 720 2129 aure
738 2081 845 2142 Puellae3

309 2158 342 2209 Et
360 2158 415 2208 crim
434 2158 494 2207 fabia
512 2162 579 2224 quies
594 2175 696 2223 operum
712 2157 762 2217 est,
782 2161 894 2227 intusque
910 2160 1009 2224 filetur3

309 2236 421 2285 Protinus
439 2234 532 2285 avulsos
549 2238 622 2285 ramis
640 2233 782 2284 flaventibus
798 2235 864 2288 unda

309 2313 443 2364 Folliculos
460 2313 566 2364 fervente
583 2309 704 2371 doment,
720 2313 760 2362 vei
778 2313 827 2363 sole
843 2332 977 2381 perurant;

310 2391 419 2444 Carceris
437 2406 491 2443 anre
510 2393 545 2439 sui
562 2394 659 2455 capiant
672 2389 748 2455 quim
765 2389 836 2441 taedia
848 2411 967 2447 vermem.

344 2471 456 2536 Namque
472 2470 592 2519 terebrato
610 2468 710 2517 bombix
725 2473 829 2534 erumpit
845 2473 877 2520 ab
893 2489 964 2534 ovo,

309 2546 438 2612 Impatiens
454 2543 523 2594 reddi
540 2545 610 2604 luci,
630 2543 781 2611 cupidusque·
794 2545 896 2598 videndi

307 2618 413 2669 Atinates
430 2620 534 2666 humeris
551 2617 621 2677 alas,
639 2617 776 2684 adjeiiaque
792 2620 868 2670 fronti

307 2692 429 2754 Cornua,
449 2698 473 2744 bt
491 2697 517 2742 in
531 2692 657 2745 volucrem
672 2697 744 2746 versa
761 2698 877 2747 miracula
892 2700 986 2753 forme·

308 2771 355 2823 Sed
371 2788 421 2822 non
438 2786 504 2822 tanta
522 2774 591 2820 novis
609 2787 689 2822 tamen
706 2774 739 2822 eii
755 2773 843 2825 fiducia
860 2784 966 2843 pennis,

307 2849 374 2902 Ausa
392 2856 523 2917 inexpertas
540 2866 566 2899 ut
585 2850 670 2900 toliere
686 2868 772 2916 corpus
790 2855 816 2902 in
833 2871 925 2905 auras:

308 2930 425 2994 Obstuper
440 2931 488 2995 ipse
507 2928 542 2977 sui
560 2944 675 2989 memor,
694 2933 719 2978 δι
735 2928 888 2982 stridentibus
905 2936 951 2985 aiis

308 3008 402 3075 Papilio
419 3008 500 3058 fremit
515 3011 651 3067 attonitus,
668 3024 712 3057 nec
730 3009 816 3074 pabula
831 3028 910 3063 curat.

307 3074 404 3149 sejunus
419 3083 462 3133 stat
477 3082 543 3149 pulla
561 3084 630 3149 super
644 3082 784 3145 velamina,
802 3102 909 3142 mortem
