2359 3975
258 485 309 579 ’64
404 489 597 560 Pnnnrt
620 491 839 561 Rurrrcr

257 607 375 669 Excitus,
393 610 481 660 auxilio
496 614 545 676 iarn
562 626 613 659 non
628 612 695 675 piger
712 608 832 671 advolat,
850 610 944 660 hostem

257 685 345 736 Fronte
359 690 440 754 petit,
460 703 584 753 vacuoque
598 687 665 752 jubet
680 684 793 736 decedere
810 702 900 739 ventre.

290 765 341 814 Hor
359 767 399 815 ubi
416 761 526 814 dissociat
542 776 608 814 mort
624 767 772 825 immanita,
790 769 904 830 juvencus

258 839 308 901 Qui
324 841 424 907 superest
438 841 512 891 tristes
528 837 613 890 amiss'o
627 857 738 906 compare
753 842 847 909 questus

257 919 409 984 Ingeminant
422 951 430 979 ,
449 918 559 981 lacrymis
579 918 711 967 fraternum
727 917 796 968 funus
809 920 902 968 obortis

258 999 410 1065 Prosequitur
422 1013 430 1057 3
441 1000 578 1062 gemituque
588 995 680 1061 replent
693 1000 855 1061 circumvagus
865 1012 954 1056 aurae,

258 1072 392 1124 Contristat
401 1077 476 1138 magis
486 1071 625 1138 Agricolam
634 1089 697 1122 nova
707 1070 795 1122 damna
805 1076 931 1122 timentem
941 1089 950 1131 ς

258 1149 297 1202 Nc
310 1150 381 1201 dolor
394 1152 457 1199 hunc
473 1151 546 1198 etiam
560 1149 685 1211 absumat,
700 1152 742 1215 qui
756 1152 847 1200 nescius
862 1150 941 1198 herb:

257 1225 309 1275 Dat
325 1227 426 1291 gemitus
442 1225 516 1274 tristes
530 1260 538 1285 ‚
554 1228 579 1274 δι
595 1223 653 1274 fletu
667 1227 770 1290 pascitur
785 1242 844 1275 uno.

291 1303 362 1353 Solve
376 1303 535 1352 senescentem
551 1316 666 1361 taurum,
685 1305 727 1368 qui
742 1303 803 1351 liber
818 1307 889 1354 aratri

258 1379 347 1430 Pascua
361 1380 415 1448 lata
432 1395 534 1444 petens,
552 1379 678 1444 postquam
695 1393 718 1428 te
734 1383 796 1443 juvit
813 1378 907 1429 arandis

258 1457 334 1509 Vivus
348 1461 428 1524 agris,
447 1456 498 1523 ipsi
514 1453 587 1522 profit
601 1473 697 1522 quoque
711 1472 807 1517 morte,
825 1458 930 1507 macello

257 1528 396 1589 Vendunt,
416 1533 442 1580 &
456 1533 511 1582 vitae
526 1527 601 1596 finem
616 1531 712 1589 sortitus
724 1533 835 1598 iniquum
850 1550 857 1580 ι

258 1607 370 1674 Namque
386 1609 452 1674 gravi
467 1608 562 1658 consors
577 1623 677 1672 operum
691 1609 733 1673 qui
746 1625 844 1658 vomere
858 1623 939 1657 tecum

257 1683 388 1734 Exercebat
403 1701 471 1750 agros
487 1685 595 1734 robustus
609 1687 635 1733 δι
651 1687 742 1750 integer
756 1687 822 1746 aevi,

258 1762 381 1813 Debuerat
399 1762 454 1814 fatis
474 1763 552 1812 senior
570 1761 710 1810 melioribus
728 1765 773 1811 uti.

274 1836 410 1890 .Emeritus
426 1837 469 1886 bos
483 1850 551 1901 prata
567 1838 623 1884 terit
638 1854 646 1894 ς
662 1834 819 1902 permissaque
834 1835 914 1886 secum

258 1915 317 1967 Otia
332 1919 451 1976 miratus,
471 1914 532 1963 laetis
550 1914 683 1978 pinguescit
700 1918 727 1964 in
742 1916 841 1975 herbis,

258 1994 357 2045 Nescius
372 1996 418 2042 heu
435 1993 441 2041 Ξ
459 1991 525 2041 letho
541 1989 616 2058 quim
632 1992 692 2041 tristi
707 1990 788 2042 debita
802 1994 901 2053 cervix,

258 2072 308 2125 Cui
325 2073 401 2137 gravis
419 2066 543 2137 impendet
560 2068 693 2135 frangendo
708 2069 775 2121 clava
790 2071 896 2119 cerebro.

292 2149 350 2199 Non
367 2148 436 2199 aliter
452 2148 520 2197 rebus
537 2146 595 2195 felix
611 2151 653 2213 qui
671 2148 730 2213 saepe
745 2144 854 2197 secundis
920 2162 927 2181 i

257 2226 399 2285 Intumuit,
418 2222 522 2291 gaudent
539 2226 624 2273 animis
642 2224 732 2274 exultat
747 2240 828 2275 avaras

258 2304 324 2355 Inter
343 2320 417 2369 opes;
434 2306 459 2353 bc
475 2302 577 2352 fortunat
592 2298 655 2350 maid
671 2298 800 2360 credulus,
816 2300 875 2351 altas

259 2386 317 2450 Sper
328 2387 409 2432 animo
420 2383 514 2440 versat,
526 2378 585 2428 dum
596 2394 661 2427 mors
672 2381 720 2443 jam
732 2381 841 2444 proxima
850 2377 960 2428 dextram

259 2458 352 2509 Extulit
367 2472 484 2507 armatam
502 2454 593 2505 crudeli
610 2453 691 2513 falce,
708 2455 805 2504 beatum

259 2534 295 2583 Ut
309 2545 381 2597 caput
397 2535 422 2579 bc
438 2546 509 2579 vanas
526 2545 574 2578 uno
591 2530 643 2593 spes
658 2526 764 2579 abscidat
780 2532 838 2578 isin.

293 2609 357 2659 Arva
367 2606 452 2656 colunt
462 2609 488 2653 bt
499 2604 582 2653 asellus
593 2607 654 2653 iners
667 2640 675 2665 ,
690 2609 716 2653 bt
726 2604 793 2654 mnia
802 2604 913 2657 biformis
925 2629 932 2658 :

259 2689 293 2741 At
308 2703 385 2754 neque
403 2682 511 2734 difficiles
529 2686 629 2733 veniunt
645 2681 676 2731 ad
693 2699 788 2742 aracra3
806 2683 847 2734 sed
863 2687 929 2735 ultro

259 2768 389 2831 Accipiunt
406 2765 496 2812 cervice
513 2764 618 2827 jugum,
639 2761 778 2827 versantque
795 2762 884 2813 solutas

259 2837 407 2887 vomeribus
424 2848 515 2893 terrae,
535 2836 560 2883 bc
577 2832 679 2898 plaustra
695 2838 814 2898 gementia
830 2834 934 2888 ducunt.

295 2912 392 2959 Parcior
408 2908 440 2957 est
456 2905 513 2957 atini
530 2904 604 2958 vitius
620 2905 742 2972 facilisque
761 2926 767 2955 ε
785 2907 896 2957 laborum
994 2908 999 2917 “

261 2990 343 3052 Atque
359 2986 429 3043 famis
444 2988 555 3050 patiens,
571 2982 638 3033 foliis
652 2982 772 3049 herbdque
788 2984 887 3049 palustri

227 3092 231 3098 ·
260 3066 393 3124 Vescitur,
412 3062 506 3127 objecto
522 3076 646 3113 tantorum
662 3058 744 3121 fasce,
760 3061 871 3126 tubisque
