2359 3975
294 443 360 522 128
434 446 632 518 Pnnnrr
658 447 869 520 Rusrrcr

288 559 447 616 Abramidurn
463 568 529 630 pavit
543 564 632 615 coelelli
649 583 747 617 munere
761 581 869 632 gentem.

320 640 424 690 Uberior
440 645 505 693 venis
521 655 547 690 ut
561 643 602 707 pix
618 639 728 692 decurrat
744 646 852 708 apertis,

288 715 395 765 Rusticus
410 718 455 764 heu
471 715 478 763 l
496 713 559 764 ferro
574 717 658 788 pinum
673 712 779 764 denudat
795 733 802 762 r
819 716 946 784 hiemsque

287 790 382 858 frigida
398 795 447 856 jam
463 791 532 840 nullo
548 787 673 840 defensum
690 793 780 840 cortice
796 791 894 840 succum
1018 849 1022 857 ,

288 870 453 932 Consolidat3
472 867 630 937 claudensque
646 871 696 921 vias
708 905 717 931 ,
730 873 797 938 queis
812 873 907 936 spiritus
923 869 982 937 ipsu

287 946 391 998 Ducitur
406 947 551 1007 arboribus,
570 963 626 997 curn
642 945 794 1014 respiramine
809 951 885 997 vitam

287 1025 384 1090 Eripit:
400 1025 470 1074 arbor
484 1027 548 1073 enim
562 1021 619 1090 (res
633 1040 684 1072 non
701 1021 807 1090 ignota)
824 1022 930 1072 ferarum

288 1102 361 1151 Instar
376 1105 400 1150 bc
417 1101 537 1160 alituum,
553 1101 669 1166 piscisque
683 1099 778 1149 latentis
793 1102 819 1149 in
834 1103 887 1149 imo

288 1179 408 1244 Gurgite,
422 1177 507 1228 vitales
523 1181 547 1225 bt
562 1174 643 1226 reddit
661 1181 685 1227 bt
701 1179 788 1244 accipit
802 1192 881 1227 auras.

320 1256 406 1305 Tutius
423 1253 455 1304 est
471 1253 569 1303 australe
583 1253 645 1304 latus
658 1252 779 1304 recludere
795 1253 881 1315 ferro,

288 1331 365 1400 Atque
383 1331 505 1382 terebratis
519 1334 647 1382 humorem
663 1331 763 1383 educere
780 1336 878 1384 truncis.

288 1410 352 1460 Nam
369 1411 435 1462 velut
451 1414 604 1472 humanum,
621 1410 728 1464 detrado
743 1412 875 1479 sanguine,
891 1430 980 1481 corpus

288 1490 353 1554 Saepe
366 1489 450 1550 valera
468 1505 575 1540 nocuum
591 1485 622 1538 sic
638 1490 700 1555 julio
716 1485 792 1539 latior
809 1491 878 1540 arbos

287 1566 407 1618 Exonerar
419 1568 515 1616 succum
528 1602 536 1628 ,
552 1566 625 1616 sterili
637 1583 682 1616 nec
694 1571 743 1632 jam
758 1566 861 1633 amplitls
875 1568 965 1621 umbri

287 1643 422 1705 Luxuriat,
440 1643 516 1694 frnuu
533 1641 574 1693 sed
589 1659 675 1693 curvos
689 1644 759 1694 ubere
774 1661 853 1694 ramos

287 1721 430 1788 Deprimlt,
447 1726 471 1771 δι
487 1717 552 1770 dulci
568 1718 723 1770 commendat
738 1738 812 1786 poma
825 1721 917 1788 sapore.

321 1800 399 1861 Quare
414 1814 457 1864 age
472 1815 503 1849 ne
518 1795 602 1846 dubita
618 1797 727 1846 fabrilem
745 1796 857 1848 adhibere
872 1797 990 1852 cavandis

286 1876 417 1926 Arboribus
433 1873 571 1934 terebram,
588 1890 630 1938 per
645 1876 690 1923 iter
708 1871 800 1924 declive
816 1875 925 1927 canalem

286 1952 404 2004 insertum
422 1965 449 2001 ut
464 1948 546 2000 subeat
562 1947 663 2015 liquor3
679 1948 812 2016 obliquabis
830 1948 943 2004 adustum

286 2032 365 2085 Artius
379 2036 405 2085 in
420 2044 516 2091 truncos
530 2030 617 2081 vulnus
630 2048 639 2089 ς
657 2028 705 2095 qui
720 2045 787 2095 parte
802 2045 908 2095 tepentes

286 2104 388 2161 Uberius
405 2106 494 2157 stillans
511 2107 581 2156 arbor
596 2108 709 2173 spestabit
725 2104 756 2157 ad
771 2107 876 2157 Austros.

318 2184 379 2237 inde
397 2182 456 2237 fluet
470 2182 574 2235 medicas
592 2185 680 2233 humor
695 2181 804 2249 quaefitus
820 2182 851 2233 acl
866 2197 950 2247 attera

285 2261 388 2314 Ulmeus
402 2276 521 2329 expugnat
536 2260 633 2322 febres,
652 2263 789 2311 sambuceus
805 2261 860 2311 albo

283 2340 436 2405 languorem
452 2340 566 2407 hydropis
582 2338 612 2389 de
628 2356 727 2405 corpore
741 2339 812 2405 pellit
827 2340 968 2404 aquosum,

285 2416 412 2467 Fraxlneus
429 2417 530 2467 laterum
548 2417 631 2467 rnollit
648 2417 778 2482 capitisque
795 2414 927 2476 dolorem,

285 2492 364 2558 Atque
380 2493 464 2543 oculos
480 2495 578 2543 hebetes
592 2495 675 2552 acuit,
694 2490 815 2558 surdisque
830 2491 942 2544 medetur

284 2570 407 2629 Auribus,
425 2572 577 2620 &membris
593 2572 668 2637 abigit
685 2571 771 2621 lethale
787 2588 916 2621 venenum.

317 2644 357 2694 Est
372 2663 468 2713 quoque
485 2646 591 2695 fraxineo
609 2649 743 2697 suavis&
760 2652 836 2713 gratia
853 2648 944 2714 lignos

284 2724 339 2773 Sive
351 2722 425 2773 fluens
441 2726 533 2788 sanguis
549 2726 649 2774 citiorve
665 2723 780 2777 moranda
796 2723 825 2775 fit
839 2726 917 2775 alvus.

284 2792 370 2850 Livida
385 2800 495 2851 fraxinea
512 2817 596 2851 curant
611 2819 708 2868 quoque
723 2802 821 2853 vulnera
837 2800 956 2863 frondes,

285 2874 317 2925 Et
326 2878 453 2942 prohibent
466 2876 566 2928 mordax
579 2896 609 2929 ne
622 2881 731 2929 membra
739 2896 780 2943 per
794 2882 887 2944 integra
898 2898 984 2933 cancer

285 2951 367 3002 Latitls
382 2973 494 3017 emanet3
512 2974 556 3007 nec
572 2960 597 3007 in
612 2961 698 3007 intima
712 2958 801 3007 viscera
814 2958 901 3023 gliscat

286 3028 414 3084 Mortifcro
430 3037 493 3083 virus
509 3032 590 3085 fundit
606 3031 673 3100 quod
689 3037 769 3098 vipera
786 3031 867 3086 dente.

316 3106 440 3170 Anguibus
451 3108 523 3175 usque
533 3104 594 3159 adeo
604 3106 637 3159 est
647 3108 717 3159 arbos
726 3109 845 3170 inimica,
859 3109 903 3159 sub
914 3110 1001 3163 umbra
