2359 3975
284 462 329 537 28
431 464 625 537 Ριιιιυιι
652 467 863 537 Rus'rrcr

281 584 388 651 Agrestes
401 585 483 648 inter,
501 600 678 653 nemorumque
691 583 790 635 filcaria
803 619 812 646 ‚
827 582 899 634 discit

279 663 370 729 Magna
386 662 454 731 loqui
467 664 617 732 „sontesque
635 674 720 713 tonans
736 661 854 712 infledere
870 676 973 713 mentes.

321 740 368 791 Hic
384 758 429 806 ego
445 755 468 790 te
483 740 550 790 lauto
567 744 671 791 cindum
688 737 817 806 parnaffide
829 737 901 799 vidi,

281 816 395 881 Clerice,
414 816 479 867 felici
494 816 652 867 meditantem
670 820 761 883 pedine
778 818 878 876 versut,

282 896 350 957 Quos
366 898 453 945 mirata
469 893 531 955 diu,
549 894 606 944 ctlm
621 900 671 961 jam
686 898 769 963 nequit
783 893 885 960 amplitls
902 911 962 946 auro

282 971 359 1039 (Post
373 972 482 1023 exhausta
496 973 540 1022 tibi
556 974 596 1021 sua
610 972 730 1039 munera)
748 969 817 1021 laude
832 971 922 1022 Tolosa

280 1049 383 1110 Donat3
400 1054 424 1101 bc
439 1051 521 1100 Aoniis
541 1050 606 1101 'ultro
624 1064 647 1099 te
663 1051 765 1100 cortibus
781 1047 869 1110 addit,

281 1128 421 1178 Muneribus
438 1125 543 1194 reliquos
559 1126 657 1178 decoret
673 1145 723 1194 quo
737 1125 817 1194 judice
832 1143 907 1177 vates.

314 1206 442 1255 Dicentem
458 1202 545 1271 cupidi
561 1207 684 1271 suspensus
702 1219 728 1254 ut
743 1222 798 1255 aure
816 1206 946 1256 bibebam!

282 1286 336 1334 Sive
351 1282 513 1350 Sophocleum
528 1299 628 1331 nemora
644 1286 706 1332 inter
720 1298 795 1348 opaca
813 1286 958 1333 cothurnum

281 1358 413 1419 Indueres3
430 1356 543 1424 lepidos,
560 1357 637 1423 politi
651 1362 787 1425 gravitate,
804 1358 902 1411 Terenti

282 1440 337 1488 Sive
352 1442 419 1504 jocos
436 1440 513 1503 patrio
528 1434 631 1487 reddens
644 1439 752 1487 sermone
766 1436 885 1497 referrem

282 1516 418 1583 Eloquiove
433 1530 519 1581 potens
533 1530 611 1563 rueres
628 1516 757 1563 torrentior
771 1530 861 1575 amne,
886 1536 891 1547 =

283 1592 408 1645 Autumno
425 1593 519 1659 quoties
537 1587 620 1641 medio
637 1588 740 1640 dicturus
755 1589 766 1656 (
780 1606 893 1656 agrorum

282 1669 389 1721 Delicias
402 1670 479 1722 veluti
495 1684 588 1735 raperet
605 1672 751 1734 precognita
767 1667 835 1718 fandi

284 1745 386 1814 Copia)
404 1744 521 1796 desertam
539 1744 645 1794 donabar
662 1746 753 1795 civibus
769 1746 862 1794 urbem.

316 1820 442 1879 Gaudebar
452 1856 460 1882 ‚
472 1823 590 1879 memini,
602 1819 642 1870 vel
653 1818 737 1870 silvam
748 1836 824 1871 errare
834 1838 876 1887 per
887 1821 984 1887 altam,

283 1898 401 1953 Castanea
416 1898 455 1950 vel
471 1898 514 1949 sub
527 1898 603 1955 ¹veteri
619 1895 739 1947 confidere
753 1914 869 1949 mecumr

285 1979 347 2029 Fons
356 1978 397 2027 ubi
405 1974 436 2026 fic
446 1973 574 2028 tremulam
581 1976 690 2040 zephyris
697 1976 845 2029 motantibus
853 1978 983 2042 umbram,

285 2053 459 2124 castaneasque
476 2068 548 2102 nuces
561 2086 569 2112 ,
588 2055 614 2100 dc
630 2067 683 2117 quae
698 2052 766 2117 supet
781 2053 865 2102 arbore
882 2050 962 2103 sidunt

284 2131 407 2182 Instabiles
421 2131 529 2179 imitatus
544 2145 617 2189 aver,
633 2127 792 2193 specularibus
807 2127 877 2179 undis

286 2208 426 2276 Exprimit3
443 2221 470 2257 ut
486 2204 580 2256 dubites
596 2221 627 2254 an
642 2202 752 2262 eamdem
770 2206 838 2257 fonte
852 2208 895 2256 sub
907 2209 961 2273 ipso

197 2327 199 2332 .
286 2283 398 2340 Creverit
414 2287 440 2334 in
458 2283 546 2337 faciem
564 2284 636 2332 tatuit
653 2281 763 2332 felicibus
778 2284 869 2343 arbor,

285 2365 436 2431 Hirsutisque
454 2363 518 2414 latex
536 2359 651 2412 frondent
665 2361 786 2410 horrescat
799 2364 909 2421 echinis;

285 2443 325 2494 An
339 2442 449 2494 volucres
466 2439 515 2490 alat
531 2436 597 2488 unda
610 2439 683 2500 suar,
699 2453 753 2504 qua
771 2435 871 2486 flumina
886 2439 970 2503 pennis

286 2519 340 2570 lma
356 2521 456 2576 secent·,
473 2519 559 2568 vitreas
574 2531 605 2563 an
619 2516 701 2577 imago
718 2513 853 2577 supervolet
868 2514 954 2565 undae.

319 2597 366 2647 Hit
382 2595 448 2645 locus
464 2593 497 2645 est
513 2593 554 2640 ubi
571 2593 649 2656 prima
662 2605 722 2638 mee
740 2592 869 2640 conamina
883 2591 961 2642 Musa

287 2673 355 2728 Ctlm
366 2674 454 2740 legeret
463 2705 471 2731 ‚
480 2668 588 2721 stimulor
597 2665 654 2717 dare
661 2668 740 2717 suetur
746 2683 866 2735 opemque
873 2704 881 2730 ,
889 2669 988 2735 jubebar

288 2753 396 2805 Carmen
410 2749 441 2802 ad
456 2745 569 2799 incudem
584 2749 609 2796 bt
625 2744 709 2794 limam
725 2761 854 2807 revocares
869 2761 986 2813 tuumque

291 2832 394 2900 (Latius
412 2824 519 2878 effundes
533 2827 632 2890 proprio
648 2820 716 2889 quod
730 2826 854 2886 carmine)
873 2839 964 2874 nomen

290 2911 316 2960 si
331 2921 426 2958 taceant
441 2921 502 2972 quor
517 2918 541 2954 te
557 2900 624 2967 lingo
639 2902 735 2950 censore
753 2900 850 2961 libelli,

289 2985 398 3054 Ingratus
412 2983 494 3036 videar
508 3001 516 3044 3
530 2983 591 3032 mihi
608 2997 653 3030 nec
671 2981 727 3030 satie
741 2995 844 3047 equus,
862 2983 968 3031 amicum

291 3065 414 3124 Atenrrir
428 3059 471 3113 nifi
488 3061 643 3128 conjunctum
661 3073 685 3108 te
701 3056 789 3123 glorier
801 3059 879 3108 annis.
