<?xml version="1.0" encoding="UTF-8"?>
<!DOCTYPE html PUBLIC "-//W3C//DTD XHTML 1.0 Transitional//EN"
    "http://www.w3.org/TR/xhtml1/DTD/xhtml1-transitional.dtd">
<html xmlns="http://www.w3.org/1999/xhtml" xml:lang="en" lang="en">
 <head>
  <title>
</title>
<meta http-equiv="Content-Type" content="text/html;charset=utf-8" />
  <meta name='ocr-system' content='tesseract 3.04.00' />
  <meta name='ocr-capabilities' content='ocr_page ocr_carea ocr_par ocr_line ocrx_word'/>
</head>
<body>
  <div class='ocr_page' id='page_1' title='image "./jacobivanieriip00vanigoog/jacobivanieriip00vanigoog_0157.png"; bbox 0 0 2359 3975; ppageno 0'>
   <div class='ocr_carea' id='block_1_1' title="bbox 251 449 1115 3029">
    <p class='ocr_par' dir='ltr' id='par_1_1' title="bbox 254 449 1115 1952">
     <span class='ocr_line' id='line_1_1' title="bbox 260 449 861 530; baseline 0.002 -4"><span class='ocrx_word' id='word_1_1' title='bbox 260 449 337 528; x_wconf 74' lang='lat' dir='ltr'>iro</span> <span class='ocrx_word' id='word_1_2' title='bbox 410 457 515 526; x_wconf 57' lang='lat' dir='ltr'>Pars</span> <span class='ocrx_word' id='word_1_3' title='bbox 531 475 617 527; x_wconf 80' lang='lat' dir='ltr'>ort</span> <span class='ocrx_word' id='word_1_4' title='bbox 643 455 861 530; x_wconf 79' lang='lat' dir='ltr'>Rvsrrcr</span> 
     </span>
     <span class='ocr_line' id='line_1_2' title="bbox 260 573 860 641; baseline 0.003 -17"><span class='ocrx_word' id='word_1_5' title='bbox 260 573 352 626; x_wconf 80' lang='lat' dir='ltr'>Evocat</span> <span class='ocrx_word' id='word_1_6' title='bbox 363 595 369 623; x_wconf 93' lang='lat'>:</span> <span class='ocrx_word' id='word_1_7' title='bbox 380 591 434 625; x_wconf 90' lang='lat' dir='ltr'>ecce</span> <span class='ocrx_word' id='word_1_8' title='bbox 448 573 514 626; x_wconf 88' lang='lat' dir='ltr'>vides</span> <span class='ocrx_word' id='word_1_9' title='bbox 527 590 554 624; x_wconf 89' lang='lat' dir='ltr'>ut</span> <span class='ocrx_word' id='word_1_10' title='bbox 570 577 595 626; x_wconf 86' lang='lat' dir='ltr'>in</span> <span class='ocrx_word' id='word_1_11' title='bbox 613 575 670 624; x_wconf 89' lang='lat' dir='ltr'>iiice</span> <span class='ocrx_word' id='word_1_12' title='bbox 685 575 801 641; x_wconf 86' lang='lat' dir='ltr'>plurimus</span> <span class='ocrx_word' id='word_1_13' title='bbox 816 579 860 626; x_wconf 77' lang='lat' dir='ltr'>ovi</span> 
     </span>
     <span class='ocr_line' id='line_1_3' title="bbox 259 649 1115 716; baseline 0.002 -16"><span class='ocrx_word' id='word_1_14' title='bbox 259 649 371 701; x_wconf 80' lang='lat' dir='ltr'>Circulos</span> <span class='ocrx_word' id='word_1_15' title='bbox 387 655 413 700; x_wconf 89' lang='lat' dir='ltr'>in</span> <span class='ocrx_word' id='word_1_16' title='bbox 429 651 515 699; x_wconf 83' lang='lat' dir='ltr'>faciem</span> <span class='ocrx_word' id='word_1_17' title='bbox 531 653 620 699; x_wconf 84' lang='lat' dir='ltr'>truncis</span> <span class='ocrx_word' id='word_1_18' title='bbox 634 652 790 711; x_wconf 85' lang='lat' dir='ltr'>inscribitur,</span> <span class='ocrx_word' id='word_1_19' title='bbox 803 652 899 702; x_wconf 77' lang='lat' dir='ltr'>Austros</span> <span class='ocrx_word' id='word_1_20' title='bbox 979 673 991 685; x_wconf 89' lang='lat'>··</span> <span class='ocrx_word' id='word_1_21' title='bbox 1020 651 1022 657; x_wconf 83' lang='grc'><strong>’</strong></span> <span class='ocrx_word' id='word_1_22' title='bbox 1113 659 1115 716; x_wconf 70' lang='grc' dir='ltr'>ξ</span> 
     </span>
     <span class='ocr_line' id='line_1_4' title="bbox 259 716 989 796; baseline 0.001 -17"><span class='ocrx_word' id='word_1_23' title='bbox 259 727 363 780; x_wconf 75' lang='lat' dir='ltr'>Craffior</span> <span class='ocrx_word' id='word_1_24' title='bbox 376 728 407 780; x_wconf 83' lang='lat' dir='ltr'>ad</span> <span class='ocrx_word' id='word_1_25' title='bbox 422 728 532 796; x_wconf 89' lang='lat' dir='ltr'>tepidos,</span> <span class='ocrx_word' id='word_1_26' title='bbox 543 728 695 796; x_wconf 71' lang='lat' dir='ltr'>gelidsmque</span> <span class='ocrx_word' id='word_1_27' title='bbox 705 729 772 778; x_wconf 79' lang='lat' dir='ltr'>exilis</span> <span class='ocrx_word' id='word_1_28' title='bbox 787 728 819 779; x_wconf 82' lang='lat' dir='ltr'>ad</span> <span class='ocrx_word' id='word_1_29' title='bbox 833 733 924 786; x_wconf 68' lang='lat' dir='ltr'>arbitrtu</span> <span class='ocrx_word' id='word_1_30' title='bbox 950 736 960 761; x_wconf 80' lang='lat'>‘-</span> <span class='ocrx_word' id='word_1_31' title='bbox 980 716 989 764; x_wconf 67' lang='grc' dir='ltr'>Ϊ</span> 
     </span>
     <span class='ocr_line' id='line_1_5' title="bbox 258 801 988 869; baseline -0.007 -15"><span class='ocrx_word' id='word_1_32' title='bbox 258 802 311 854; x_wconf 68' lang='lat' dir='ltr'>Hac</span> <span class='ocrx_word' id='word_1_33' title='bbox 326 808 418 854; x_wconf 83' lang='lat' dir='ltr'>ratione</span> <span class='ocrx_word' id='word_1_34' title='bbox 433 803 513 869; x_wconf 79' lang='lat' dir='ltr'>plagas</span> <span class='ocrx_word' id='word_1_35' title='bbox 529 803 584 852; x_wconf 84' lang='lat' dir='ltr'>coeli</span> <span class='ocrx_word' id='word_1_36' title='bbox 600 801 679 869; x_wconf 83' lang='lat' dir='ltr'>(edm</span> <span class='ocrx_word' id='word_1_37' title='bbox 692 801 754 851; x_wconf 89' lang='lat' dir='ltr'>forte</span> <span class='ocrx_word' id='word_1_38' title='bbox 769 803 884 868; x_wconf 75' lang='lat' dir='ltr'>percitos</span> <span class='ocrx_word' id='word_1_39' title='bbox 954 811 962 817; x_wconf 77' lang='grc'>”</span> <span class='ocrx_word' id='word_1_40' title='bbox 979 818 988 840; x_wconf 81' lang='lat'>··</span> 
     </span>
     <span class='ocr_line' id='line_1_6' title="bbox 256 879 951 950; baseline -0.001 -20"><span class='ocrx_word' id='word_1_41' title='bbox 256 881 348 933; x_wconf 83' lang='lat' dir='ltr'>Devius</span> <span class='ocrx_word' id='word_1_42' title='bbox 363 883 441 932; x_wconf 79' lang='lat' dir='ltr'>errasti</span> <span class='ocrx_word' id='word_1_43' title='bbox 457 881 528 932; x_wconf 83' lang='lat' dir='ltr'>saltus</span> <span class='ocrx_word' id='word_1_44' title='bbox 540 881 550 950; x_wconf 79' lang='grc'>)</span> <span class='ocrx_word' id='word_1_45' title='bbox 563 885 588 930; x_wconf 75' lang='lat' dir='ltr'>bc</span> <span class='ocrx_word' id='word_1_46' title='bbox 606 880 656 947; x_wconf 75' lang='lat' dir='ltr'>qui</span> <span class='ocrx_word' id='word_1_47' title='bbox 668 879 698 930; x_wconf 82' lang='lat' dir='ltr'>sit</span> <span class='ocrx_word' id='word_1_48' title='bbox 710 879 816 930; x_wconf 83' lang='lat' dir='ltr'>eundum</span> <span class='ocrx_word' id='word_1_49' title='bbox 880 904 884 914; x_wconf 87' lang='lat'><strong>·</strong></span> <span class='ocrx_word' id='word_1_50' title='bbox 947 909 951 916; x_wconf 93' lang='lat'>·</span> 
     </span>
     <span class='ocr_line' id='line_1_7' title="bbox 257 955 808 1024; baseline -0.004 -16"><span class='ocrx_word' id='word_1_51' title='bbox 257 958 365 1011; x_wconf 83' lang='lat' dir='ltr'>Invenies</span> <span class='ocrx_word' id='word_1_52' title='bbox 376 995 384 1020; x_wconf 89' lang='lat'>‚</span> <span class='ocrx_word' id='word_1_53' title='bbox 397 960 469 1024; x_wconf 82' lang='lat' dir='ltr'>plano</span> <span class='ocrx_word' id='word_1_54' title='bbox 486 974 579 1008; x_wconf 86' lang='lat' dir='ltr'>ramum</span> <span class='ocrx_word' id='word_1_55' title='bbox 596 955 614 1007; x_wconf 80' lang='lat' dir='ltr'>si</span> <span class='ocrx_word' id='word_1_56' title='bbox 628 956 730 1008; x_wconf 79' lang='lat' dir='ltr'>demeris</span> <span class='ocrx_word' id='word_1_57' title='bbox 744 959 808 1006; x_wconf 66' lang='lat' dir='ltr'>idue</span> 
     </span>
     <span class='ocr_line' id='line_1_8' title="bbox 256 1033 890 1103; baseline -0.003 -17"><span class='ocrx_word' id='word_1_58' title='bbox 256 1036 341 1103; x_wconf 75' lang='lat' dir='ltr'>Aspice</span> <span class='ocrx_word' id='word_1_59' title='bbox 358 1036 406 1102; x_wconf 74' lang='lat' dir='ltr'>qui</span> <span class='ocrx_word' id='word_1_60' title='bbox 419 1051 500 1085; x_wconf 80' lang='lat' dir='ltr'>cortex</span> <span class='ocrx_word' id='word_1_61' title='bbox 517 1039 617 1100; x_wconf 81' lang='lat' dir='ltr'>propior</span> <span class='ocrx_word' id='word_1_62' title='bbox 631 1033 661 1083; x_wconf 83' lang='lat' dir='ltr'>fit</span> <span class='ocrx_word' id='word_1_63' title='bbox 675 1050 742 1100; x_wconf 82' lang='lat' dir='ltr'>parte</span> <span class='ocrx_word' id='word_1_64' title='bbox 756 1033 890 1094; x_wconf 77' lang='lat' dir='ltr'>medu1123</span> 
     </span>
     <span class='ocr_line' id='line_1_9' title="bbox 255 1112 987 1183; baseline -0.001 -20"><span class='ocrx_word' id='word_1_65' title='bbox 255 1112 363 1178; x_wconf 79' lang='lat' dir='ltr'>Frigidus</span> <span class='ocrx_word' id='word_1_66' title='bbox 379 1115 434 1162; x_wconf 90' lang='lat' dir='ltr'>hinc</span> <span class='ocrx_word' id='word_1_67' title='bbox 451 1117 527 1162; x_wconf 87' lang='lat' dir='ltr'>oritur</span> <span class='ocrx_word' id='word_1_68' title='bbox 542 1114 628 1162; x_wconf 76' lang='lat' dir='ltr'>Boreas</span> <span class='ocrx_word' id='word_1_69' title='bbox 640 1131 647 1160; x_wconf 79' lang='lat' dir='ltr'>r</span> <span class='ocrx_word' id='word_1_70' title='bbox 658 1115 791 1183; x_wconf 81' lang='lat' dir='ltr'>contrarius</span> <span class='ocrx_word' id='word_1_71' title='bbox 802 1113 883 1162; x_wconf 72' lang='lat' dir='ltr'>Auster</span> <span class='ocrx_word' id='word_1_72' title='bbox 901 1139 905 1144; x_wconf 89' lang='lat'><em>-</em></span> <span class='ocrx_word' id='word_1_73' title='bbox 982 1120 987 1136; x_wconf 86' lang='lat'>&#39;</span> 
     </span>
     <span class='ocr_line' id='line_1_10' title="bbox 256 1192 821 1258; baseline -0.002 -16"><span class='ocrx_word' id='word_1_74' title='bbox 256 1192 277 1242; x_wconf 85' lang='lat' dir='ltr'><strong>E</strong></span> <span class='ocrx_word' id='word_1_75' title='bbox 293 1197 389 1258; x_wconf 83' lang='lat' dir='ltr'>regione</span> <span class='ocrx_word' id='word_1_76' title='bbox 405 1197 479 1242; x_wconf 90' lang='lat' dir='ltr'>venit.</span> <span class='ocrx_word' id='word_1_77' title='bbox 497 1195 520 1242; x_wconf 84' lang='lat' dir='ltr'>si</span> <span class='ocrx_word' id='word_1_78' title='bbox 539 1207 605 1258; x_wconf 79' lang='lat' dir='ltr'>terga</span> <span class='ocrx_word' id='word_1_79' title='bbox 620 1193 750 1242; x_wconf 83' lang='lat' dir='ltr'>obverteris</span> <span class='ocrx_word' id='word_1_80' title='bbox 766 1196 821 1253; x_wconf 87' lang='lat' dir='ltr'>axi,</span> 
     </span>
     <span class='ocr_line' id='line_1_11' title="bbox 256 1266 955 1328; baseline 0.003 -12"><span class='ocrx_word' id='word_1_81' title='bbox 256 1266 366 1317; x_wconf 89' lang='lat' dir='ltr'>Occiduo</span> <span class='ocrx_word' id='word_1_82' title='bbox 385 1270 429 1316; x_wconf 88' lang='lat' dir='ltr'>tibi</span> <span class='ocrx_word' id='word_1_83' title='bbox 445 1266 528 1317; x_wconf 88' lang='lat' dir='ltr'>dexter</span> <span class='ocrx_word' id='word_1_84' title='bbox 544 1271 589 1317; x_wconf 88' lang='lat' dir='ltr'>erit</span> <span class='ocrx_word' id='word_1_85' title='bbox 606 1267 666 1317; x_wconf 86' lang='lat' dir='ltr'>flans</span> <span class='ocrx_word' id='word_1_86' title='bbox 683 1267 777 1319; x_wconf 79' lang='lat' dir='ltr'>Caurus</span> <span class='ocrx_word' id='word_1_87' title='bbox 795 1269 826 1317; x_wconf 82' lang='lat' dir='ltr'>ab</span> <span class='ocrx_word' id='word_1_88' title='bbox 842 1270 918 1328; x_wconf 86' lang='lat' dir='ltr'>orbe,</span> <span class='ocrx_word' id='word_1_89' title='bbox 952 1279 955 1282; x_wconf 84' lang='grc'><strong>’</strong></span> 
     </span>
     <span class='ocr_line' id='line_1_12' title="bbox 256 1345 803 1413; baseline 0 -17"><span class='ocrx_word' id='word_1_90' title='bbox 256 1345 338 1397; x_wconf 79' lang='lat' dir='ltr'>Laevus</span> <span class='ocrx_word' id='word_1_91' title='bbox 355 1348 384 1396; x_wconf 89' lang='lat' dir='ltr'>ab</span> <span class='ocrx_word' id='word_1_92' title='bbox 402 1351 450 1396; x_wconf 85' lang='lat' dir='ltr'>eois</span> <span class='ocrx_word' id='word_1_93' title='bbox 463 1347 538 1396; x_wconf 86' lang='lat' dir='ltr'>Eurus</span> <span class='ocrx_word' id='word_1_94' title='bbox 554 1349 596 1413; x_wconf 89' lang='lat' dir='ltr'>qui</span> <span class='ocrx_word' id='word_1_95' title='bbox 612 1347 717 1396; x_wconf 85' lang='lat' dir='ltr'>nascitur</span> <span class='ocrx_word' id='word_1_96' title='bbox 730 1352 786 1396; x_wconf 89' lang='lat' dir='ltr'>oris.</span> <span class='ocrx_word' id='word_1_97' title='bbox 800 1368 803 1374; x_wconf 65' lang='lat'><strong><em>¹</em></strong></span> 
     </span>
     <span class='ocr_line' id='line_1_13' title="bbox 288 1421 846 1489; baseline -0.002 -15"><span class='ocrx_word' id='word_1_98' title='bbox 288 1425 371 1474; x_wconf 83' lang='lat' dir='ltr'>Junior</span> <span class='ocrx_word' id='word_1_99' title='bbox 386 1427 411 1473; x_wconf 90' lang='lat' dir='ltr'>in</span> <span class='ocrx_word' id='word_1_100' title='bbox 428 1422 524 1474; x_wconf 88' lang='lat' dir='ltr'>frondes</span> <span class='ocrx_word' id='word_1_101' title='bbox 537 1421 554 1472; x_wconf 86' lang='lat' dir='ltr'>fi</span> <span class='ocrx_word' id='word_1_102' title='bbox 573 1425 596 1472; x_wconf 89' lang='lat' dir='ltr'>se</span> <span class='ocrx_word' id='word_1_103' title='bbox 610 1423 746 1489; x_wconf 85' lang='lat' dir='ltr'>profuderit</span> <span class='ocrx_word' id='word_1_104' title='bbox 758 1425 846 1486; x_wconf 84' lang='lat' dir='ltr'>arbor,</span> 
     </span>
     <span class='ocr_line' id='line_1_14' title="bbox 255 1499 737 1567; baseline -0.002 -15"><span class='ocrx_word' id='word_1_105' title='bbox 255 1501 356 1552; x_wconf 79' lang='lat' dir='ltr'>Radices</span> <span class='ocrx_word' id='word_1_106' title='bbox 370 1501 446 1551; x_wconf 84' lang='lat' dir='ltr'>oblita</span> <span class='ocrx_word' id='word_1_107' title='bbox 464 1503 514 1551; x_wconf 84' lang='lat' dir='ltr'>suas</span> <span class='ocrx_word' id='word_1_108' title='bbox 531 1499 634 1567; x_wconf 85' lang='lat' dir='ltr'>defigere</span> <span class='ocrx_word' id='word_1_109' title='bbox 650 1505 737 1561; x_wconf 89' lang='lat' dir='ltr'>terris,</span> 
     </span>
     <span class='ocr_line' id='line_1_15' title="bbox 256 1576 926 1643; baseline -0.001 -14"><span class='ocrx_word' id='word_1_110' title='bbox 256 1579 326 1635; x_wconf 80' lang='lat' dir='ltr'>Falce</span> <span class='ocrx_word' id='word_1_111' title='bbox 343 1577 420 1628; x_wconf 89' lang='lat' dir='ltr'>recide</span> <span class='ocrx_word' id='word_1_112' title='bbox 434 1595 535 1637; x_wconf 78' lang='lat' dir='ltr'>comas3</span> <span class='ocrx_word' id='word_1_113' title='bbox 552 1595 579 1627; x_wconf 92' lang='lat' dir='ltr'>ut</span> <span class='ocrx_word' id='word_1_114' title='bbox 596 1579 691 1643; x_wconf 83' lang='lat' dir='ltr'>stirpem</span> <span class='ocrx_word' id='word_1_115' title='bbox 708 1581 789 1628; x_wconf 84' lang='lat' dir='ltr'>suttus</span> <span class='ocrx_word' id='word_1_116' title='bbox 807 1576 926 1628; x_wconf 78' lang='lat' dir='ltr'>adimam</span> 
     </span>
     <span class='ocr_line' id='line_1_16' title="bbox 255 1653 888 1723; baseline 0.003 -20"><span class='ocrx_word' id='word_1_117' title='bbox 255 1653 372 1716; x_wconf 83' lang='lat' dir='ltr'>Defluat,</span> <span class='ocrx_word' id='word_1_118' title='bbox 388 1659 411 1705; x_wconf 74' lang='grc' dir='ltr'>δι</span> <span class='ocrx_word' id='word_1_119' title='bbox 424 1659 502 1722; x_wconf 90' lang='lat' dir='ltr'>primo</span> <span class='ocrx_word' id='word_1_120' title='bbox 518 1671 630 1704; x_wconf 84' lang='lat' dir='ltr'>truncum</span> <span class='ocrx_word' id='word_1_121' title='bbox 643 1654 771 1704; x_wconf 76' lang='lat' dir='ltr'>confirmet</span> <span class='ocrx_word' id='word_1_122' title='bbox 784 1660 810 1705; x_wconf 90' lang='lat' dir='ltr'>in</span> <span class='ocrx_word' id='word_1_123' title='bbox 826 1673 888 1723; x_wconf 69' lang='lat' dir='ltr'>zuo.</span> 
     </span>
     <span class='ocr_line' id='line_1_17' title="bbox 255 1731 868 1798; baseline 0 -16"><span class='ocrx_word' id='word_1_124' title='bbox 255 1733 383 1798; x_wconf 73' lang='lat' dir='ltr'>frugiferis</span> <span class='ocrx_word' id='word_1_125' title='bbox 400 1731 431 1781; x_wconf 82' lang='lat' dir='ltr'>fic</span> <span class='ocrx_word' id='word_1_126' title='bbox 447 1735 509 1782; x_wconf 90' lang='lat' dir='ltr'>Vere</span> <span class='ocrx_word' id='word_1_127' title='bbox 523 1749 605 1798; x_wconf 87' lang='lat' dir='ltr'>greges</span> <span class='ocrx_word' id='word_1_128' title='bbox 621 1735 775 1782; x_wconf 85' lang='lat' dir='ltr'>immittimus</span> <span class='ocrx_word' id='word_1_129' title='bbox 790 1736 868 1792; x_wconf 78' lang='lat' dir='ltr'>aruis,</span> 
     </span>
     <span class='ocr_line' id='line_1_18' title="bbox 256 1804 836 1873; baseline -0.007 -15"><span class='ocrx_word' id='word_1_130' title='bbox 256 1807 291 1858; x_wconf 90' lang='lat' dir='ltr'>Ut</span> <span class='ocrx_word' id='word_1_131' title='bbox 307 1811 369 1873; x_wconf 84' lang='lat' dir='ltr'>seges</span> <span class='ocrx_word' id='word_1_132' title='bbox 389 1804 492 1871; x_wconf 76' lang='lat' dir='ltr'>assurgat</span> <span class='ocrx_word' id='word_1_133' title='bbox 510 1806 579 1856; x_wconf 73' lang='lat' dir='ltr'>tonsi</span> <span class='ocrx_word' id='word_1_134' title='bbox 594 1805 730 1871; x_wconf 77' lang='lat' dir='ltr'>generosior</span> <span class='ocrx_word' id='word_1_135' title='bbox 744 1806 836 1866; x_wconf 74' lang='lat' dir='ltr'>berbi,</span> 
     </span>
     <span class='ocr_line' id='line_1_19' title="bbox 254 1883 927 1952; baseline -0.004 -15"><span class='ocrx_word' id='word_1_136' title='bbox 254 1887 307 1937; x_wconf 88' lang='lat' dir='ltr'>Nec</span> <span class='ocrx_word' id='word_1_137' title='bbox 325 1887 417 1936; x_wconf 88' lang='lat' dir='ltr'>culmus</span> <span class='ocrx_word' id='word_1_138' title='bbox 433 1883 536 1950; x_wconf 67' lang='lat' dir='ltr'>gravide</span> <span class='ocrx_word' id='word_1_139' title='bbox 550 1884 675 1952; x_wconf 77' lang='lat' dir='ltr'>quondam</span> <span class='ocrx_word' id='word_1_140' title='bbox 688 1887 828 1935; x_wconf 76' lang='lat' dir='ltr'>succumbat</span> <span class='ocrx_word' id='word_1_141' title='bbox 843 1884 927 1934; x_wconf 75' lang='lat' dir='ltr'>ariiiae.</span> 
     </span>
    </p>

    <p class='ocr_par' dir='ltr' id='par_1_2' title="bbox 254 1961 916 2337">
     <span class='ocr_line' id='line_1_20' title="bbox 287 1961 916 2031; baseline -0.006 -16"><span class='ocrx_word' id='word_1_142' title='bbox 287 1967 401 2031; x_wconf 87' lang='lat' dir='ltr'>Pinguior</span> <span class='ocrx_word' id='word_1_143' title='bbox 416 1962 429 2013; x_wconf 80' lang='grc' dir='ltr'>ὲ</span> <span class='ocrx_word' id='word_1_144' title='bbox 447 1961 527 2014; x_wconf 77' lang='lat' dir='ltr'>media</span> <span class='ocrx_word' id='word_1_145' title='bbox 544 1963 600 2014; x_wconf 82' lang='lat' dir='ltr'>edm</span> <span class='ocrx_word' id='word_1_146' title='bbox 615 1963 708 2030; x_wconf 82' lang='lat' dir='ltr'>prosilit</span> <span class='ocrx_word' id='word_1_147' title='bbox 723 1964 806 2014; x_wconf 81' lang='lat' dir='ltr'>arbore</span> <span class='ocrx_word' id='word_1_148' title='bbox 819 1979 916 2023; x_wconf 81' lang='lat' dir='ltr'>ramus,</span> 
     </span>
     <span class='ocr_line' id='line_1_21' title="bbox 254 2042 885 2110; baseline -0.002 -18"><span class='ocrx_word' id='word_1_149' title='bbox 254 2042 342 2093; x_wconf 85' lang='lat' dir='ltr'>Dulcia</span> <span class='ocrx_word' id='word_1_150' title='bbox 359 2047 494 2109; x_wconf 71' lang='lat' dir='ltr'>preripiens</span> <span class='ocrx_word' id='word_1_151' title='bbox 513 2042 610 2110; x_wconf 89' lang='lat' dir='ltr'>reliquis</span> <span class='ocrx_word' id='word_1_152' title='bbox 628 2044 762 2103; x_wconf 76' lang='lat' dir='ltr'>alimenta,</span> <span class='ocrx_word' id='word_1_153' title='bbox 774 2043 885 2108; x_wconf 78' lang='lat' dir='ltr'>fameque</span> 
     </span>
     <span class='ocr_line' id='line_1_22' title="bbox 254 2118 881 2186; baseline -0.003 -16"><span class='ocrx_word' id='word_1_154' title='bbox 254 2118 414 2179; x_wconf 82' lang='lat' dir='ltr'>Conficiens3</span> <span class='ocrx_word' id='word_1_155' title='bbox 430 2120 493 2169; x_wconf 88' lang='lat' dir='ltr'>ferro</span> <span class='ocrx_word' id='word_1_156' title='bbox 511 2119 605 2180; x_wconf 86' lang='lat' dir='ltr'>tolles,</span> <span class='ocrx_word' id='word_1_157' title='bbox 621 2122 764 2186; x_wconf 88' lang='lat' dir='ltr'>succumque</span> <span class='ocrx_word' id='word_1_158' title='bbox 784 2119 881 2169; x_wconf 86' lang='lat' dir='ltr'>docebis</span> 
     </span>
     <span class='ocr_line' id='line_1_23' title="bbox 254 2194 847 2258; baseline -0.007 -15"><span class='ocrx_word' id='word_1_159' title='bbox 254 2194 390 2244; x_wconf 82' lang='lat' dir='ltr'>Permutare</span> <span class='ocrx_word' id='word_1_160' title='bbox 406 2197 456 2245; x_wconf 85' lang='lat' dir='ltr'>vias</span> <span class='ocrx_word' id='word_1_161' title='bbox 474 2196 498 2243; x_wconf 75' lang='lat' dir='ltr'>bc</span> <span class='ocrx_word' id='word_1_162' title='bbox 515 2198 541 2242; x_wconf 89' lang='lat' dir='ltr'>in</span> <span class='ocrx_word' id='word_1_163' title='bbox 555 2210 639 2243; x_wconf 88' lang='lat' dir='ltr'>omnes</span> <span class='ocrx_word' id='word_1_164' title='bbox 653 2194 760 2257; x_wconf 82' lang='lat' dir='ltr'>partibus</span> <span class='ocrx_word' id='word_1_165' title='bbox 774 2196 847 2258; x_wconf 69' lang='lat' dir='ltr'>cquis</span> 
     </span>
     <span class='ocr_line' id='line_1_24' title="bbox 254 2268 852 2337; baseline -0.008 -14"><span class='ocrx_word' id='word_1_166' title='bbox 254 2272 292 2323; x_wconf 89' lang='lat' dir='ltr'>Ire</span> <span class='ocrx_word' id='word_1_167' title='bbox 307 2290 407 2332; x_wconf 83' lang='lat' dir='ltr'>comas,</span> <span class='ocrx_word' id='word_1_168' title='bbox 424 2275 496 2337; x_wconf 78' lang='lat' dir='ltr'>virgae</span> <span class='ocrx_word' id='word_1_169' title='bbox 514 2274 586 2320; x_wconf 85' lang='lat' dir='ltr'>nimis</span> <span class='ocrx_word' id='word_1_170' title='bbox 599 2268 726 2335; x_wconf 84' lang='lat' dir='ltr'>indulgere</span> <span class='ocrx_word' id='word_1_171' title='bbox 740 2288 783 2319; x_wconf 86' lang='lat' dir='ltr'>nec</span> <span class='ocrx_word' id='word_1_172' title='bbox 801 2274 852 2319; x_wconf 90' lang='lat' dir='ltr'>uni.</span> 
     </span>
    </p>

    <p class='ocr_par' dir='ltr' id='par_1_3' title="bbox 251 2346 958 2950">
     <span class='ocr_line' id='line_1_25' title="bbox 285 2346 958 2415; baseline -0.006 -15"><span class='ocrx_word' id='word_1_173' title='bbox 285 2349 364 2415; x_wconf 75' lang='lat' dir='ltr'>Atque</span> <span class='ocrx_word' id='word_1_174' title='bbox 375 2352 468 2402; x_wconf 85' lang='lat' dir='ltr'>utinam</span> <span class='ocrx_word' id='word_1_175' title='bbox 478 2362 553 2400; x_wconf 85' lang='lat' dir='ltr'>novus</span> <span class='ocrx_word' id='word_1_176' title='bbox 564 2347 576 2397; x_wconf 84' lang='grc' dir='ltr'>ὲ</span> <span class='ocrx_word' id='word_1_177' title='bbox 586 2346 677 2413; x_wconf 80' lang='lat' dir='ltr'>populo</span> <span class='ocrx_word' id='word_1_178' title='bbox 689 2347 744 2397; x_wconf 69' lang='lat' dir='ltr'>crim</span> <span class='ocrx_word' id='word_1_179' title='bbox 755 2351 814 2397; x_wconf 82' lang='lat' dir='ltr'>civis</span> <span class='ocrx_word' id='word_1_180' title='bbox 824 2346 854 2397; x_wconf 86' lang='lat' dir='ltr'>ad</span> <span class='ocrx_word' id='word_1_181' title='bbox 865 2349 958 2414; x_wconf 78' lang='lat' dir='ltr'>amplas</span> 
     </span>
     <span class='ocr_line' id='line_1_26' title="bbox 254 2424 862 2492; baseline -0.005 -16"><span class='ocrx_word' id='word_1_182' title='bbox 254 2430 292 2477; x_wconf 88' lang='lat' dir='ltr'>Sic</span> <span class='ocrx_word' id='word_1_183' title='bbox 309 2429 409 2491; x_wconf 87' lang='lat' dir='ltr'>emergit</span> <span class='ocrx_word' id='word_1_184' title='bbox 425 2444 501 2491; x_wconf 90' lang='lat' dir='ltr'>opes,</span> <span class='ocrx_word' id='word_1_185' title='bbox 518 2428 622 2491; x_wconf 70' lang='lat' dir='ltr'>spestsns</span> <span class='ocrx_word' id='word_1_186' title='bbox 639 2424 670 2474; x_wconf 84' lang='lat' dir='ltr'>ad</span> <span class='ocrx_word' id='word_1_187' title='bbox 683 2425 779 2492; x_wconf 74' lang='lat' dir='ltr'>publica</span> <span class='ocrx_word' id='word_1_188' title='bbox 794 2425 862 2491; x_wconf 79' lang='lat' dir='ltr'>vulgi</span> 
     </span>
     <span class='ocr_line' id='line_1_27' title="bbox 253 2500 945 2569; baseline 0.001 -16"><span class='ocrx_word' id='word_1_189' title='bbox 253 2500 393 2553; x_wconf 85' lang='lat' dir='ltr'>Commoda</span> <span class='ocrx_word' id='word_1_190' title='bbox 403 2504 453 2550; x_wconf 89' lang='lat' dir='ltr'>Rex</span> <span class='ocrx_word' id='word_1_191' title='bbox 465 2536 474 2561; x_wconf 93' lang='lat'>,</span> <span class='ocrx_word' id='word_1_192' title='bbox 485 2518 577 2566; x_wconf 82' lang='lat' dir='ltr'>premat</span> <span class='ocrx_word' id='word_1_193' title='bbox 589 2500 696 2551; x_wconf 86' lang='lat' dir='ltr'>indecori</span> <span class='ocrx_word' id='word_1_194' title='bbox 706 2501 773 2569; x_wconf 92' lang='lat' dir='ltr'>quod</span> <span class='ocrx_word' id='word_1_195' title='bbox 783 2506 807 2551; x_wconf 90' lang='lat' dir='ltr'>in</span> <span class='ocrx_word' id='word_1_196' title='bbox 818 2510 871 2552; x_wconf 81' lang='lat' dir='ltr'>a‘e&#39;ra</span> <span class='ocrx_word' id='word_1_197' title='bbox 882 2504 945 2554; x_wconf 77' lang='lat' dir='ltr'>fastu</span> 
     </span>
     <span class='ocr_line' id='line_1_28' title="bbox 252 2580 871 2645; baseline 0.003 -17"><span class='ocrx_word' id='word_1_198' title='bbox 252 2580 331 2629; x_wconf 77' lang='lat' dir='ltr'>Altius</span> <span class='ocrx_word' id='word_1_199' title='bbox 348 2582 445 2643; x_wconf 85' lang='lat' dir='ltr'>erigitur</span> <span class='ocrx_word' id='word_1_200' title='bbox 461 2594 532 2643; x_wconf 87' lang='lat' dir='ltr'>caput</span> <span class='ocrx_word' id='word_1_201' title='bbox 541 2596 548 2637; x_wconf 82' lang='lat'>3</span> <span class='ocrx_word' id='word_1_202' title='bbox 563 2582 589 2627; x_wconf 70' lang='grc' dir='ltr'>ὃ(</span> <span class='ocrx_word' id='word_1_203' title='bbox 607 2592 665 2645; x_wconf 85' lang='lat' dir='ltr'>quas</span> <span class='ocrx_word' id='word_1_204' title='bbox 683 2582 798 2629; x_wconf 84' lang='lat' dir='ltr'>subtrahit</span> <span class='ocrx_word' id='word_1_205' title='bbox 812 2597 871 2630; x_wconf 89' lang='lat' dir='ltr'>unus</span> 
     </span>
     <span class='ocr_line' id='line_1_29' title="bbox 252 2651 907 2717; baseline 0.005 -16"><span class='ocrx_word' id='word_1_206' title='bbox 252 2651 354 2701; x_wconf 82' lang='lat' dir='ltr'>Divitias</span> <span class='ocrx_word' id='word_1_207' title='bbox 372 2654 458 2717; x_wconf 89' lang='lat' dir='ltr'>regni,</span> <span class='ocrx_word' id='word_1_208' title='bbox 476 2651 593 2716; x_wconf 90' lang='lat' dir='ltr'>populum</span> <span class='ocrx_word' id='word_1_209' title='bbox 610 2651 731 2703; x_wconf 83' lang='lat' dir='ltr'>diffundat</span> <span class='ocrx_word' id='word_1_210' title='bbox 747 2658 772 2703; x_wconf 90' lang='lat' dir='ltr'>in</span> <span class='ocrx_word' id='word_1_211' title='bbox 788 2672 907 2717; x_wconf 75' lang='lat' dir='ltr'>omnem3</span> 
     </span>
     <span class='ocr_line' id='line_1_30' title="bbox 252 2729 842 2796; baseline 0.003 -17"><span class='ocrx_word' id='word_1_212' title='bbox 252 2729 304 2779; x_wconf 88' lang='lat' dir='ltr'>Nec</span> <span class='ocrx_word' id='word_1_213' title='bbox 323 2730 383 2779; x_wconf 84' lang='lat' dir='ltr'>ferat</span> <span class='ocrx_word' id='word_1_214' title='bbox 400 2732 472 2779; x_wconf 87' lang='lat' dir='ltr'>exitio</span> <span class='ocrx_word' id='word_1_215' title='bbox 490 2729 637 2796; x_wconf 87' lang='lat' dir='ltr'>reliquorum</span> <span class='ocrx_word' id='word_1_216' title='bbox 654 2732 755 2780; x_wconf 89' lang='lat' dir='ltr'>crescere</span> <span class='ocrx_word' id='word_1_217' title='bbox 768 2732 842 2781; x_wconf 87' lang='lat' dir='ltr'>vilem</span> 
     </span>
     <span class='ocr_line' id='line_1_31' title="bbox 251 2805 870 2874; baseline 0.006 -19"><span class='ocrx_word' id='word_1_218' title='bbox 251 2807 358 2856; x_wconf 83' lang='lat' dir='ltr'>Obscura</span> <span class='ocrx_word' id='word_1_219' title='bbox 376 2805 404 2856; x_wconf 90' lang='lat' dir='ltr'>de</span> <span class='ocrx_word' id='word_1_220' title='bbox 422 2808 490 2873; x_wconf 91' lang='lat' dir='ltr'>plebe</span> <span class='ocrx_word' id='word_1_221' title='bbox 507 2810 603 2866; x_wconf 88' lang='lat' dir='ltr'>virum,</span> <span class='ocrx_word' id='word_1_222' title='bbox 618 2808 749 2874; x_wconf 72' lang='lat' dir='ltr'>nostreque</span> <span class='ocrx_word' id='word_1_223' title='bbox 765 2810 870 2873; x_wconf 89' lang='lat' dir='ltr'>superbis</span> 
     </span>
     <span class='ocr_line' id='line_1_32' title="bbox 251 2883 775 2950; baseline 0.002 -16"><span class='ocrx_word' id='word_1_224' title='bbox 251 2884 352 2934; x_wconf 80' lang='lat' dir='ltr'>AEdibus</span> <span class='ocrx_word' id='word_1_225' title='bbox 366 2890 390 2934; x_wconf 85' lang='lat'>&amp;</span> <span class='ocrx_word' id='word_1_226' title='bbox 410 2885 466 2934; x_wconf 88' lang='lat' dir='ltr'>luxu</span> <span class='ocrx_word' id='word_1_227' title='bbox 482 2883 548 2950; x_wconf 83' lang='lat' dir='ltr'>dapis</span> <span class='ocrx_word' id='word_1_228' title='bbox 563 2884 676 2934; x_wconf 83' lang='lat' dir='ltr'>insultare</span> <span class='ocrx_word' id='word_1_229' title='bbox 693 2889 775 2935; x_wconf 82' lang='lat' dir='ltr'>ruinae.</span> 
     </span>
    </p>

    <p class='ocr_par' dir='ltr' id='par_1_4' title="bbox 284 2960 924 3029">
     <span class='ocr_line' id='line_1_33' title="bbox 284 2960 924 3029; baseline 0.013 -20"><span class='ocrx_word' id='word_1_230' title='bbox 284 2960 313 3009; x_wconf 83' lang='lat' dir='ltr'>iu</span> <span class='ocrx_word' id='word_1_231' title='bbox 329 2965 412 3011; x_wconf 84' lang='lat' dir='ltr'>teneris</span> <span class='ocrx_word' id='word_1_232' title='bbox 429 2976 576 3029; x_wconf 77' lang='lat' dir='ltr'>quamquam</span> <span class='ocrx_word' id='word_1_233' title='bbox 593 2961 679 3011; x_wconf 88' lang='lat' dir='ltr'>melius</span> <span class='ocrx_word' id='word_1_234' title='bbox 695 2962 838 3028; x_wconf 84' lang='lat' dir='ltr'>respondeat</span> <span class='ocrx_word' id='word_1_235' title='bbox 853 2970 924 3017; x_wconf 78' lang='lat' dir='ltr'>annis</span> 
     </span>
    </p>
   </div>
   <div class='ocr_carea' id='block_1_2' title="bbox 954 566 988 612">
    <p class='ocr_par' dir='ltr' id='par_1_5' title="bbox 954 566 988 612">
     <span class='ocr_line' id='line_1_34' title="bbox 954 566 988 612; baseline 0 -7"><span class='ocrx_word' id='word_1_236' title='bbox 954 566 960 612; x_wconf 65' lang='lat'>&#39;‚</span> <span class='ocrx_word' id='word_1_237' title='bbox 978 569 988 605; x_wconf 76' lang='lat' dir='ltr'>i</span> 
     </span>
    </p>
   </div>
   <div class='ocr_carea' id='block_1_3' title="bbox 0 0 1184 3975">
    <p class='ocr_par' dir='ltr' id='par_1_6' title="bbox 0 0 1184 3975">
     <span class='ocr_line' id='line_1_35' title="bbox 0 0 1184 3975; baseline 0 3"><span class='ocrx_word' id='word_1_238' title='bbox 0 0 1184 3975; x_wconf 95' lang='lat' dir='ltr'> </span> 
     </span>
    </p>
   </div>
  </div>
 </body>
</html>
