2359 3975
279 442 350 541 3'24
422 444 619 517 Pannrr
644 445 864 517 Rusrrcr

311 564 355 613 llle
372 563 414 613 ubl
432 578 514 629 captus
533 567 598 623 erit,
613 561 693 628 plures
708 567 734 613 in
747 568 806 614 retia
821 569 907 615 mittes

278 639 431 707 capreolos,
448 638 531 689 filvarn
549 643 636 705 reperis
654 638 750 690 iiforte
766 657 808 705 per
822 641 897 692 altam

278 718 383 778 Lustra,
400 718 486 785 quibus
503 714 586 767 viduas
603 714 707 766 traducit
724 716 826 767 foemina
841 722 942 769 noiiest

188 796 190 803 ’
279 796 392 862 Namque
408 796 466 845 alios
484 796 536 860 post
556 794 606 845 fata
620 798 667 845 viri
684 794 814 846 meditatur
833 814 945 859 amores,

279 872 332 927 Nec
349 873 453 939 sequitur
469 867 584 935 desponsa
598 884 699 935 procum
709 887 717 928 3
728 868 771 920 sed
784 875 872 937 previa
884 870 985 923 blandis

280 950 400 1001 lllecebrn
418 945 449 998 ad
461 962 535 1013 opaca
548 962 621 997 vocat
634 946 717 1011 spelaea
731 981 739 1006 ,
755 950 857 1015 suosque

284 1028 312 1076 ln
333 1026 450 1075 thalamos
464 1026 554 1082 trahlt3
569 1026 594 1073 ic
607 1026 716 1089 quamvis
731 1024 823 1089 sperata
838 1024 917 1076 dolosr
973 1050 980 1064 x

282 1103 379 1156 Gaudia
393 1107 530 1169 praeripiant
541 1098 630 1162 calles3
648 1116 729 1152 tamen
743 1106 817 1170 usque
831 1104 944 1156 tolentes

281 1181 415 1248 Capreolus
433 1183 482 1245 agit
498 1195 528 1228 ex
539 1180 594 1251 altis
608 1182 634 1228 in
648 1182 708 1229 retia
727 1178 800 1230 filvis.

188 1316 192 1331 Ι
282 1261 341 1313 Non
357 1260 435 1309 Danai
451 1258 538 1309 domus
556 1256 688 1309 immaduit
703 1258 822 1310 crudelius
835 1261 900 1310 olim

283 1336 357 1390 Caede
372 1338 471 1399 virium,
486 1338 571 1404 caprei
585 1356 660 1405 quam
680 1338 833 1405 decipiente,
850 1341 981 1406 peremptis

283 1414 435 1481 Coniugibus
452 1416 557 1481 virgulta
575 1418 679 1476 rubent,
694 1420 718 1466 δι
735 1418 844 1481 pronuba
860 1418 943 1467 tellus.

318 1492 420 1543 Bubalus
437 1494 545 1558 inspeetis
567 1495 610 1559 qui
627 1493 780 1541 venatoribus
796 1508 878 1542 amens
914 1518 918 1521 ·

285 1569 325 1617 Sic
339 1568 438 1627 latitat,
454 1582 526 1632 caput
538 1582 566 1617 ut
579 1565 659 1616 dumis
674 1565 816 1616 filvestribus
834 1584 911 1618 unum

286 1646 438 1706 occultans,
455 1644 580 1695 laceranda
598 1648 660 1694 truci
674 1642 717 1695 det
731 1659 797 1712 terga
813 1645 940 1708 molosso,

284 1725 380 1775 Venatu
397 1724 462 1773 facili
478 1727 583 1788 capietur
595 1741 604 1771 c
616 1737 641 1771 at
658 1738 732 1771 omne
751 1739 894 1789 caprarum,

287 1800 362 1861 Quod
376 1800 493 1867 superest,
506 1797 607 1850 filuestre
618 1814 706 1863 genus,
717 1803 872 1866 pygargus&
884 1804 956 1864 ibex,

286 1878 413 1945 Damaque
432 1880 543 1943 praerupti
561 1890 657 1925 teneant
672 1874 688 1924 fi
705 1876 811 1926 culmina
829 1883 941 1940 montis,

288 1950 419 2003 Obsidione
429 1952 516 2001 locum
532 1953 631 2016 cinges,
647 1967 689 2017 per
704 1952 729 2001 &
746 1954 811 2002 invia
827 1953 882 2004 iata

284 2031 383 2084 Durum
398 2035 442 2081 iter
457 2029 611 2096 ingrediens,
627 2033 725 2081 canibus
742 2036 871 2083 comitatus
888 2033 991 2096 odoris,

288 2107 376 2173 Aspera
393 2104 498 2155 dumosa:
518 2107 601 2155 vinces
617 2104 708 2170 fastigia
724 2109 799 2170 rupis.

322 2186 392 2234 Stant
404 2185 431 2232 in
446 2184 580 2248 precipiti,
592 2182 617 2230 δε
632 2198 673 2246 per
689 2179 827 2248 prodigiosa
844 2182 960 2233 locorum

288 2262 417 2314 Intervalla
436 2262 514 2312 levem
528 2275 617 2324 capreae
634 2256 694 2309 dant
706 2276 807 2325 corpore
825 2260 927 2310 saltums

289 2335 459 2403 Colletiosque
474 2349 542 2384 ruens
555 2335 610 2384 ibex
625 2333 747 2384 revolutus
763 2338 790 2383 in
805 2350 891 2396 artus,

232 2468 242 2484 ,
290 2417 318 2465 Se
336 2413 443 2482 lapidum
458 2426 522 2464 rotat
536 2416 561 2462 in
577 2427 688 2460 morem:
700 2414 801 2460 miratur
818 2415 849 2460 ab
863 2412 915 2464 alta

291 2491 358 2555 Rupe
375 2491 458 2547 canis,
473 2486 608 2552 latransque
622 2489 702 2534 minas
712 2489 817 2536 intentat
828 2490 910 2537 inanes
923 2523 933 2547 ,

291 2566 371 2628 Quem
385 2580 435 2613 non
448 2561 519 2612 dente
534 2561 628 2627 potest,
644 2560 777 2626 fugientem
791 2579 851 2612 soce
867 2563 989 2614 laceil'ent.

290 2639 358 2692 Dum
373 2639 450 2704 stupet
468 2641 584 2688 attonitus
603 2637 664 2687 miri
678 2641 795 2704 vertig'rne
812 2656 912 2702 rerum,

291 2720 423 2778 Accelera3
439 2716 574 2783 vallemque
593 2720 663 2782 prius.
673 2716 748 2782 quim
765 2733 833 2767 crura
849 2736 891 2784 per
907 2725 982 2774 imam

291 2799 422 2865 Explicet,
438 2794 534 2846 infidias
550 2799 574 2845 δι
591 2798 650 2844 retia
666 2791 738 2844 tende
753 2794 842 2861 fugaci.

325 2877 388 2941 Saepe
407 2875 487 2940 plagas
502 2874 544 2922 sub
560 2889 636 2938 rupe,
655 2876 714 2938 jugo
728 2875 862 2939 speculatus
878 2877 909 2926 ab
923 2877 990 2942 alto,

291 2949 378 3000 Defilit
391 2969 398 3010 i
414 2966 485 3016 atque
505 2951 571 3010 suis,
587 2948 656 2998 velut
669 2965 750 3009 unco,
765 2953 879 3001 cornibus
890 2954 947 3004 ibex

293 3026 382 3078 Saxofis
400 3043 468 3078 enata
485 3028 544 3078 locis
561 3025 666 3091 virgulta
683 3025 821 3092 capessens,
