2359 3975
359 470 467 541 lar
489 488 555 540 nrt
593 473 716 557 XVI.
823 475 893 573 32'7

98 626 103 638 .
155 586 214 649 Qui
233 586 288 637 ctlm
303 590 433 639 carceribus
449 606 552 655 praeceps
569 595 664 657 erupit,
679 596 703 642 &
721 594 794 643 istum

162 664 218 713 Jatn
231 663 308 715 stristo
322 668 420 730 propior
434 682 508 717 cornu
525 666 672 728 meditatum
685 671 803 721 habenam

162 741 249 793 Flesiit
265 759 335 810 eques
351 742 473 802 celerent
489 760 597 810 gyroque
612 746 703 811 elapsus
715 781 723 806 ,
737 764 835 799 euntem

161 817 264 884 Impetit
277 856 285 881 ‚
299 825 324 870 δι
343 821 417 887 longi
434 837 529 872 taurum
546 824 602 873 serit
618 828 719 890 impiger
733 827 807 876 hasti.

160 896 207 945 llle
225 895 310 947 dolore
328 898 413 957 ferox,
429 899 534 965 sequitur
550 917 590 964 per
608 917 689 966 aperta
703 904 827 954 volantem

157 972 268 1041 AEquora
280 972 459 1041 quadrupedem
469 994 477 1036 ¹,
488 974 530 1026 sed
540 975 627 1027 idonea
643 993 750 1045 tempora
761 998 857 1047 captant

160 1050 236 1102 lnstat
255 1069 325 1119 eques
338 1087 347 1113 ,
359 1053 492 1120 vulnusque
509 1054 585 1104 serena
599 1056 704 1117 lethale,
720 1062 848 1124 juvencum

159 1127 251 1176 Sternit
268 1128 354 1182 burnit
374 1129 496 1193 videtque
509 1125 589 1179 virum
604 1131 729 1179 conversus
743 1134 769 1179 in
783 1150 842 1193 ora,

158 1202 240 1254 Laude
255 1203 296 1253 sud
312 1202 400 1254 fruitur
413 1208 497 1255 tacitus
510 1239 519 1264 ,
533 1204 665 1271 plausuque
680 1206 813 1259 faventum.

192 1279 302 1331 Venandi
318 1279 395 1331 studio
411 1281 511 1347 superest
523 1279 649 1331 includere
663 1281 726 1334 stlvit

159 1360 308 1428 Horribilern
326 1360 419 1410 feritate
434 1360 536 1426 lupum,
551 1360 698 1427 vulpemque
712 1361 832 1414 dolorm.

157 1438 221 1488 Proh
236 1453 353 1505 quantum
364 1437 470 1487 exsolvat
479 1439 582 1502 pretium
592 1440 653 1486 mihi
661 1438 750 1489 Villica
758 1441 765 1489 l
772 1443 857 1506 quanti

157 1516 238 1566 Pastor
255 1516 334 1565 emat!
347 1518 435 1563 merito
448 1511 562 1563 damnem
578 1512 596 1563 sr
612 1530 704 1564 carcere
717 1516 789 1566 furer.

155 1589 215 1640 Non
230 1594 263 1640 ita
282 1588 379 1640 difficile
399 1590 432 1639 est
446 1592 527 1639 vivam
544 1585 689 1654 deprendere
706 1593 820 1658 vulpem:

156 1666 212 1717 Post
226 1671 268 1719 ubi
283 1672 498 1735 compertum'quo
516 1670 539 1717 se
557 1671 719 1736 nodurnaque
733 1671 823 1723 condat

156 1742 228 1793 Furta
243 1760 323 1804 cav03
339 1760 411 1794 tetros
428 1741 559 1793 accendant
574 1744 757 1808 intuendum,

156 1818 188 1870 Et
204 1821 292 1886 positos
309 1826 387 1886 primo
406 1820 505 1871 tendant
521 1825 547 1870 in
567 1821 651 1872 limine
665 1819 747 1874 callet.

155 1897 286 1962 Impatiens
302 1898 363 1948 sumi
376 1900 440 1947 subit
454 1898 518 1946 ultro
533 1900 593 1946 retia
611 1896 708 1963 vulperr

155 1970 238 2022 Vincit
249 1974 312 2022 enirn
327 1973 419 2021 versuta
435 1968 507 2020 dolor
521 1986 618 2036 quoque
632 1973 742 2036 pectora,
754 1973 854 2037 present
899 2005 902 2008 -

154 2049 228 2100 Exitil
245 2067 322 2114 neque
339 2065 409 2114 poena
424 2048 479 2097 sinit
498 2043 632 2098 meminisse
650 2047 733 2098 futuri.

188 2126 253 2175 Mira
270 2125 352 2175 fraude
370 2127 454 2191 lupum
469 2129 564 2191 capies,
577 2128 676 2190 piscaria
692 2128 771 2177 celans

154 2203 214 2254 AEra
229 2203 302 2251 cibit:
316 2219 396 2252 carnes
412 2207 436 2252 ὃ(
454 2201 618 2251 inextricabile
632 2201 722 2251 serrum

152 2275 238 2328 Haufit
251 2278 311 2335 ubi,
330 2280 365 2327 vir
383 2276 451 2326 nulla
465 2275 541 2340 potest
555 2273 675 2322 exsolvere
687 2276 768 2325 rubras
776 2311 786 2337 ,

152 2353 212 2404 Non
229 2354 312 2401 ovium
327 2355 376 2417 iam
392 2348 475 2409 caede,
491 2350 534 2397 suo
552 2345 593 2396 sed
610 2350 722 2413 sanguine
740 2349 828 2402 fauces.

185 2430 319 2496 Pracipites
338 2433 410 2478 etiam
427 2431 452 2477 in
470 2428 551 2478 fovear
567 2427 625 2492 gula
644 2425 720 2477 trudit
735 2427 836 2480 edacem

149 2505 282 2571 lrnperiosa
299 2507 392 2572 lupum.
410 2505 495 2556 Carcoe
512 2503 603 2553 telluris
620 2506 697 2554 hiatus

151 2582 262 2648 Contege
276 2581 361 2634 fronde
376 2584 436 2634 levi:
447 2581 533 2632 uinclis
546 2582 591 2632 stet
605 2582 720 2632 mollibus
734 2597 808 2648 agnus

151 2657 258 2724 Desuper
273 2664 395 2721 evindus,
410 2659 509 2727 queruli
523 2662 565 2726 qui
578 2677 638 2710 voce
653 2677 775 2726 parentem

151 2733 242 2783 Evocet
254 2753 260 2781 ι
272 2733 354 2782 audito
373 2748 482 2798 properat
498 2734 569 2800 lupus
583 2738 660 2784 acrior
677 2751 758 2799 agno,

152 2813 183 2863 Et
200 2809 280 2878 preda
298 2812 432 2861 stimulante
449 2815 512 2871 ruit;
524 2814 652 2877 secumque
667 2812 785 2877 fragosam
793 2849 803 2876 ,

150 2888 290 2940 Subsidente
305 2888 377 2946 solo,
394 2885 491 2937 deducit
508 2886 539 2938 ad
553 2892 602 2938 ima
618 2892 720 2938 ruinam.

149 2965 217 3015 Dum
235 2978 323 3030 pavet,
341 2966 365 3011 bt
381 2966 451 3011 tantis
469 2961 517 3029 qui
530 2963 555 3011 se
569 2964 663 3012 ratione
678 2963 774 3026 periclis

149 3041 282 3110 Expediat,
294 3046 374 3094 secum
388 3038 448 3094 sessa
463 3040 592 3096 meditatur
606 3045 633 3092 iu
645 3045 714 3103 ima5
