2359 3975
303 531 312 548 “
374 515 726 595 niniam
837 516 883 620 8⁸3

169 631 229 695 Non-'⁸
233 642 297 696 aliter
312 643 380 712 jubet
391 637 438 693 esse
453 640 539 693 ducem
551 660 558 691 e
571 645 639 708 prait
651 641 712 703 ille,
723 632 820 708 viasque

171 720 250 773 Tentat
260 741 268 784 5
280 728 303 774 ue
321 736 349 772 ut
358 721 450 788 pallum
464 717 531 770 ducit
546 734 700 786 potumque,
716 717 836 768 necandos

169 799 202 847 Sic
217 804 263 865 agit
272 797 301 850 ad
307 799 399 848 lanium
409 813 506 864 quoque
517 794 638 862 perfidus3
649 796 729 862 estque
739 797 852 861 benignae

169 871 225 926 lnter
239 894 293 927 oves
307 878 398 942 proprii
414 877 505 940 generis
516 875 558 938 qui
572 870 702 937 proditor,
714 871 779 922 ultro

168 951 236 1003 Triste
253 956 407 1004 ministerium
421 955 503 1004 subeat
515 949 625 1001 mercede
640 950 734 1001 soluti:

168 1025 227 1078 Nain
240 1031 319 1082 reduci
330 1033 420 1097 sperata
434 1029 494 1078 solet
510 1025 567 1078 dare
581 1037 680 1077 munera
694 1028 775 1078 Pastor

167 1102 276 1174 higuam
291 1109 425 1168 Cererem,
438 1105 573 1156 duleisrei
582 1123 656 1173 grana
669 1110 769 1159 cumini.

197 1185 238 1234 Per'
251 1191 305 1252 juga
318 1199 436 1252 reptantes
452 1186 519 1234 cursu
536 1200 674 1250 praevertere
687 1201 768 1252 capras

167 1258 264 1312 Muneris
276 1299 284 1324 ‚
296 1265 385 1323 Hirce·‚
397 1265 432 1312 tui
449 1261 500 1320 ell3
515 1260 556 1312 sed
571 1266 612 1314 vix
627 1261 736 1314 tardante
746 1259 852 1331 podagri

167 1341 236 1394 Lenta
249 1362 330 1397 moves
346 1359 457 1409 properae
476 1345 538 1393 inter
551 1343 649 1410 vestigia
662 1360 759 1394 matres.

166 1415 227 1468 Dura
241 1421 392 1486 voluptatum
406 1434 514 1478 merces,
532 1433 591 1484 quar
606 1416 687 1469 haedus
702 1419 732 1468 ab
746 1422 813 1469 annia

167 1493 264 1546 sedatur
279 1499 365 1546 teneris
377 1514 383 1544 ι
395 1508 478 1544 mento
492 1497 533 1545 vix
547 1495 647 1545 barbula
658 1493 763 1560 pendet,

167 1569 269 1640 Nataque
284 1587 400 1640 ruperunt
413 1587 520 1622 teneram
534 1573 575 1622 vix
589 1587 679 1622 cornua
692 1572 819 1635 frontem,
874 1565 878 1570 ’

167 1645 248 1700 lntinla
263 1651 318 1700 crim
333 1651 413 1700 tacita
426 1647 529 1715 gliscunt
542 1651 567 1696 in
583 1650 674 1698 viscera
687 1647 810 1709 flammea

164 1724 236 1793 Atque
251 1731 305 1778 hinc
318 1724 454 1778 invalidum
470 1728 557 1791 premit
568 1727 698 1774 immatura
710 1727 828 1786 fenestris,

167 1803 221 1864 Quae
236 1805 332 1871 ligat&
351 1807 417 1856 tetris
431 1803 526 1852 infestat
539 1804 648 1854 membra
658 1806 772 1854 venenis:

164 1879 220 1932 lude
234 1887 317 1950 piger,
333 1884 476 1941 morbosus,
490 1884 552 1932 iners
567 1885 593 1932 dc
608 1881 756 1933 munsteri

163 1955 254 2027 Ingrato
271 1960 348 2011 fetore
364 1975 445 2026 greges
459 1973 529 2026 atque
545 1962 599 2010 ae'ra
611 1958 702 2009 circum

166 2036 259 2101 lenuit,
275 2045 300 2091 dc
313 2040 406 2091 tristem
419 2056 521 2106 propero
537 2038 578 2090 dat
593 2040 675 2090 funere
687 2042 779 2091 vitame
873 2029 878 2039 ’

193 2118 248 2169 Non
264 2119 349 2172 eadem
368 2119 422 2168 loca
439 2120 566 2185 pascuntur
580 2119 725 2187 gracilesque
741 2120 838 2187 capella
875 2184 879 2191 Ι

165 2194 315 2264 lanigerique
330 2212 412 2264 greges
425 2216 431 2247 r
443 2214 500 2247 narn
512 2198 565 2246 sara
577 2214 620 2263 per
633 2200 714 2263 aspera
727 2213 792 2248 tutat

164 2270 239 2340 Capra
255 2278 305 2327 vias
318 2278 390 2347 agit,
408 2278 434 2325 ὅτ
450 2278 566 2341 projetioe
581 2274 685 2341 pendula
697 2292 776 2325 ramos

163 2349 196 2399 Ac
212 2352 315 2414 cytisum
331 2354 448 2400 rimatur:
462 2353 515 2401 ovis
528 2348 667 2413 campestria
676 2352 762 2414 querit

164 2424 266 2489 Pascuae
282 2444 328 2480 nec
343 2426 432 2495 gaudet
446 2432 504 2494 juga
517 2442 558 2491 per
571 2424 673 2475 dumosa
684 2430 774 2492 vagari.

164 2501 238 2569 Terga
253 2506 335 2553 secant
354 2499 425 2568 rigidi
439 2516 542 2566 vepres,
557 2498 694 2567 soccosque
709 2498 848 2559 revellunt,
877 2538 882 2544 .

165 2579 235 2641 Queis
250 2582 329 2633 luteos
345 2581 427 2631 sternit
440 2577 510 2638 nidos
524 2581 624 2645 operosa
633 2580 748 2630 volucris.

143 2663 146 2671 “
190 2657 291 2708 Hirci‘nd
311 2673 365 2726 quae
380 2655 441 2722 pelle
456 2670 538 2721 greges
554 2654 668 2721 Hispania
681 2656 774 2714 restit,-

163 2732 339 2803 Mordatesque
354 2736 426 2785 rubos
441 2730 517 2784 craffo
532 2731 641 2783 defendit
652 2736 740 2783 arnitiu
749 2765 768 2792 ,-

163 2808 193 2861 Et
205 2812 292 2863 molles
304 2813 371 2863 lanas
388 2812 476 2871 haber,
489 2824 560 2877 atque
571 2844 579 2871 ,
590 2824 618 2861 ut
635 2824 719 2875 prata,
731 2805 858 2876 quotannis
875 2835 879 2847 ·

162 2887 302 2942 Pelliterum
320 2892 405 2942 ovium
419 2890 455 2938 bit
471 2902 537 2954 terga
551 2887 639 2937 feracia
653 2885 747 2937 tondet.

193 2966 284 3016 Omnia
302 2965 415 3015 morosus
433 2962 508 3029 longo
525 2960 616 3012 fastidit
627 2964 658 3012 ab
671 2964 715 3012 usu

163 3040 251 3095 Pabula
259 3062 320 3112 grex
330 3080 338 3105 ,
349 3044 479 3111 nostrisque
491 3041 586 3109 placent
596 3058 624 3093 ut
633 3042 724 3095 fercula
732 3042 817 3093 meniis

163 3118 469 3181 &tenimentorum
484 3117 599 3172 letisima
612 3118 727 3173 utens-0
876 3105 885 3153 f

701 3207 727 3266 D
743 3211 767 3274 vi
