2359 3975
193 427 196 434 ’
274 434 316 534 56
389 437 594 510 Priami
619 439 848 510 Rusrrcr

301 557 426 622 Expeslata
442 555 491 608 dies
509 559 549 609 ubi
564 561 614 626 jam
630 561 757 625 processit,
774 563 800 609 δι
817 558 872 609 alba

269 633 413 684 Cunilantes
430 649 511 686 manet
525 639 652 702 impatiens
669 638 695 685 in
711 637 772 687 velle
788 635 916 694 sacerdos3

268 711 330 761 Ante
349 712 432 774 fores,
444 715 543 780 ipsoque
560 712 647 765 domtis
661 716 687 762 in
698 711 802 774 limine,
821 713 898 779 sponsi

269 786 433 835 Procumbunt
445 789 471 836 in
485 803 561 852 genua
574 805 580 834 r
597 803 680 851 patens
693 787 813 851 utriusque
825 782 948 833 madentes

267 862 381 913 Procedit
394 861 481 913 siccans
495 863 600 922 oculos,
617 867 643 912 dc
658 877 739 912 amore
753 878 852 928 paterno

268 935 369 984 Praemia
379 933 453 1000 digna
463 971 471 997 ,
483 951 580 986 manum
592 934 679 986 tollens
687 952 743 985 cum
751 947 812 986 voce
822 971 830 996 ,
840 951 960 1001 precatur.

269 1011 373 1076 Templa
387 1026 471 1078 petunt
482 1030 490 1072 ς
504 1013 566 1064 victi
577 1014 674 1079 sponsus
687 1012 794 1062 bicolore
808 1013 915 1078 galerum

268 1083 393 1142 Ornatus,
408 1086 477 1149 virgo
490 1085 571 1135 vultus
584 1083 674 1151 dejesta
685 1083 824 1145 modestos,

269 1158 348 1223 Atque
361 1157 430 1205 novis
443 1155 528 1207 sudore
542 1156 625 1208 madet
639 1159 682 1207 sub
695 1158 798 1208 vellibus
809 1177 816 1207 s
828 1159 923 1218 ambo,

213 1291 216 1304 Ι
269 1228 377 1284 Nuntiate
394 1232 471 1294 telle,
488 1235 555 1284 sacro
571 1238 722 1302 conjungunt
738 1232 827 1284 soedere
842 1231 936 1284 dextras

268 1310 326 1360 Sole
339 1313 439 1374 nigras,
454 1326 601 1378 quamquam
614 1326 724 1377 purgatas
737 1311 828 1361 ffitlirre
844 1310 947 1373 multop

269 1383 445 1456 Tympanaque
457 1392 483 1438 δι
497 1393 605 1452 cytharas
619 1393 699 1451 inter,
715 1389 820 1440 clamosa
831 1393 942 1456 juventu

266 1459 418 1526 'Deducunt,
432 1467 545 1532 sponsum
561 1472 646 1534 pueri,
661 1483 808 1534 nuptamque
822 1467 918 1534 puellae.

271 1539 337 1590 Tum
352 1543 430 1608 prisco
445 1540 476 1593 de
489 1560 557 1594 more
571 1545 657 1610 jubent
668 1559 797 1610 utrumque
811 1542 892 1595 sedere

272 1617 349 1668 Ulmo
366 1619 408 1669 sub
420 1621 521 1686 patula,
535 1620 622 1672 mediis
635 1637 689 1689 quae
700 1621 797 1687 publica
810 1623 877 1688 pagis

270 1695 366 1748 Umbra
378 1702 441 1750 viret
452 1719 458 1750 e
469 1698 557 1765 magni
570 1702 716 1766 speetantum
729 1699 817 1751 allante
829 1696 921 1749 coroni

271 1775 356 1826 iunior
370 1778 426 1826 hinc
439 1779 509 1841 virgo
524 1776 634 1826 Cerealia
647 1791 720 1840 grana
733 1773 840 1825 refirudit

271 1847 391 1918 conjugis
404 1857 430 1903 in
445 1867 534 1919 caput,
550 1856 575 1902 δι
591 1856 665 1903 tacito
678 1853 768 1904 suffusa
782 1855 890 1918 rubore,

271 1928 365 1980 Votum
380 1945 424 1996 pro
440 1929 571 1990 tlralamis,
588 1933 615 1980 dc
630 1929 760 1980 fertilitatis
774 1933 867 1982 honore

270 2006 389 2058 Persolvit
396 2042 405 2067 ,
418 2003 547 2073 dulcesque
562 2006 635 2058 refett
647 2011 673 2058 ln
686 2010 759 2058 corbe
773 2010 903 2075 placentae.

270 2081 331 2136 Inde
347 2088 444 2150 juventa
458 2100 546 2151 procax
562 2084 622 2135 aust
634 2088 722 2151 garrire
736 2088 845 2137 virorum

270 2161 341 2210 Sorte
355 2162 441 2226 super3
457 2176 543 2211 votem
558 2161 602 2211 nis
615 2166 724 2228 protinus
738 2180 783 2213 aere
797 2163 877 2215 soluto
927 2201 930 2205 -
1009 2172 1013 2177 ’

273 2236 445 2303 Comprime,
457 2252 528 2305 atque
540 2254 635 2289 merum
644 2242 682 2291 vir
692 2240 834 2291 connubiale
844 2239 968 2308 rependat·

306 2315 399 2367 luter'ea
413 2316 503 2366 struuis
516 2316 612 2367 fumant
624 2318 736 2368 convivia
750 2316 855 2377 mensis,
963 2353 965 2360 ,

272 2389 350 2442 Lauta
362 2391 482 2459 quidem,
497 2394 566 2446 nullo
580 2408 662 2445 tamen
675 2408 788 2444 exornata
801 2394 922 2445 macello:

271 2466 362 2520 Haedus
370 2472 434 2518 enirn
442 2484 573 2536 vervexque
583 2505 593 2531 ,
603 2470 678 2521 fames
690 2488 740 2537 quo
751 2473 828 2536 prima
835 2468 947 2523 domatur
958 2507 968 2535 ,

272 2544 312 2597 De
327 2547 436 2611 gregibus
448 2544 532 2595 venire
545 2547 611 2603 suis,
627 2545 753 2612 pullosque
766 2545 865 2598 tenellos
876 2582 886 2607 ,

274 2622 384 2673 Gallinas
399 2622 526 2687 anatesque
543 2619 585 2671 diu
600 2623 701 2672 servavit
716 2623 824 2673 inillam

273 2699 348 2749 Parca
361 2698 458 2749 Colona
471 2697 554 2749 diem:
566 2696 650 2749 mensis
663 2716 707 2750 nec
720 2716 793 2765 poma
807 2698 914 2750 secundis

275 2774 443 2843 Castaneaeque
456 2790 528 2827 nuces
541 2774 646 2837 desunt,
661 2793 705 2827 nec
719 2781 789 2843 copia
803 2777 877 2827 lauis.

275 2851 340 2914 Quas
356 2853 434 2919 epulas
448 2869 498 2905 non
509 2856 566 2903 vina
577 2851 674 2915 modd,
689 2850 730 2903 sed
743 2855 833 2919 peaine
844 2850 905 2902 duro

276 2930 347 2985 Pulsa
360 2931 454 2997 chelis,
471 2932 538 2985 fraus
555 2931 661 2997 calices,
675 2932 781 2999 risusque
797 2930 888 2988 soluti.
