2359 3975
327 548 370 628 50
446 528 645 598 Pnnnrt
668 529 894 602 nest-‘tce

320 646 376 712 Qud
386 646 454 713 gustu
466 645 569 707 melior,
580 644 630 712 qud
640 649 752 715 pinguior
763 663 811 700 uva
824 652 940 702 nitescatt

319 727 431 774 securam
444 719 500 771 dein
513 737 527 770 a
540 720 627 786 pluviis
644 725 669 770 ut
682 737 736 772 rore
747 720 873 783 madenti,

318 802 403 869 Longu
415 810 477 852 crate
492 801 560 866 super
571 835 580 862 ‚
593 817 663 851 muro
678 800 800 853 subtendit
813 807 915 869 aprico,

316 878 481 943 vimineisque
495 879 582 942 premit
594 875 705 926 fictatam
719 875 769 925 sole
786 877 898 928 canistris.
960 878 965 886 '

348 959 462 1008 Praetetea
474 953 570 1014 calido,
584 955 623 1005 vei
635 955 699 1005 mala
712 953 827 1018 Cydonia
841 958 919 1006 music

315 1033 444 1101 lncoquit,
456 1044 496 1080 aut
509 1027 596 1099 liquidi
610 1031 699 1079 ianuar
709 1027 835 1080 dulcedine
849 1031 947 1092 mellic,

313 1113 346 1164 Et
356 1114 421 1163 tenui
432 1107 519 1161 virides
528 1107 608 1160 cultro
621 1106 726 1159 decuffat
740 1110 833 1160 olivas:

313 1193 417 1243 incisura
430 1189 503 1239 salem
518 1191 620 1254 recipit,
633 1190 768 1258 mixtosque
776 1193 874 1240 virentis

309 1265 434 1324 feniculi,
445 1265 597 1330 mentitaque
612 1265 706 1323 brevis,
722 1263 829 1330 laurique
838 1264 943 1330 sapores.

340 1344 407 1397 clm
416 1341 516 1394 redeunt
527 1359 541 1391 a
551 1339 638 1407 glande
649 1344 700 1392 sues
710 1341 854 1409 pinguedine
867 1341 929 1392 tardi
940 1375 949 1402 ,

309 1418 410 1474 Claudit
424 1417 495 1477 irati,
511 1415 653 1483 liquidoque
663 1418 719 1466 cibo
730 1430 837 1485 potuque
849 1414 972 1467 necando:

308 1498 387 1564 Atque
400 1492 531 1545 volutabris
543 1526 552 1551 ,
564 1505 593 1540 ut
606 1489 636 1539 fit
647 1489 812 1551 catenatim,
824 1507 897 1542 arcet.

311 1577 379 1626 Hora
394 1575 501 1638 saginato
511 1569 567 1622 ctltn
581 1569 674 1620 fulserit
687 1570 774 1622 ultima
783 1587 875 1636 porco,

306 1653 345 1703 Ne
359 1652 437 1718 longis
452 1653 557 1702 moriens
568 1647 802 1716 fessas-grunnitibus
811 1667 878 1715 aures

304 1729 420 1781 Offendat
431 1731 471 1781 vel
482 1728 648 1780 dementantur
660 1746 669 1788 5
682 1731 739 1778 lruic
749 1731 843 1794 spiritur
854 1733 903 1780 otis

302 1809 453 1869 obstruitur,
464 1807 622 1877 iugulumque
636 1808 710 1856 rubro
722 1823 838 1858 mucrone
851 1799 986 1863 resolvunt&

247 1916 250 1922 ·
302 1887 354 1936 Stat
372 1889 562 1952 circumspiciens
579 1888 643 1936 τίνοι
657 1887 744 1936 mirata
764 1902 876 1938 cruentos

302 1963 446 2031 Progenies,
459 1967 545 2017 mirata
560 1966 628 2015 suem
641 1962 689 2015 fine
702 1981 764 2017 voce
776 1969 916 2033 jacentem,

300 2042 483 2112 Pulsantemque
495 2061 575 2096 tamen
588 2044 729 2112 singultibus
742 2046 784 2095 ilia
794 2048 889 2097 crebris.

299 2117 407 2169 Hirsutas
414 2136 501 2185 'opere
513 2124 605 2186 patiens
615 2120 654 2171 vel
668 2119 765 2171 dextera
776 2124 836 2172 setae

298 2192 431 2255 Detrahit,
443 2192 526 2245 officio
538 2195 643 2260 lymph:
654 2195 783 2255 serventit;
795 2194 889 2247 easdem

297 2265 347 2322 Ais
362 2268 442 2322 radice
455 2269 503 2323 levi
515 2269 555 2321 vel
570 2267 650 2320 adurit
663 2266 789 2320 flammula
799 2271 890 2322 culmo.

296 2348 386 2401 intima
402 2364 454 2404 turn
465 2347 545 2401 calido
558 2347 777 2401 nudannrrviscera
791 2349 864 2399 ferro.

294 2428 335 2480 Bis
347 2432 433 2496 quinos
450 2430 483 2479 est
493 2446 551 2481 cura
563 2428 614 2481 diet
630 2433 656 2480 in
670 2444 765 2497 tergora
778 2429 871 2494 largum

295 2508 410 2567 infarcire
420 2507 511 2568 salem,
524 2510 549 2556 δι
561 2508 655 2559 vastum
665 2506 820 2575 superaddere
831 2505 941 2573 pondus;

294 2581 360 2633 Dein
370 2596 453 2650 pentat
466 2580 608 2648 lardumque
619 2585 693 2647 nigris
705 2581 845 2648 suspendere
857 2584 946 2649 tignis,

295 2661 353 2723 Qud
363 2663 461 2713 veniant
473 2661 554 2723 calor,
563 2666 589 2712 dc
599 2664 681 2713 vicino
693 2663 773 2713 fnmur
783 2663 813 2713 ab
824 2656 888 2728 igne.

328 2737 376 2788 Sub
386 2736 486 2803 placidis
496 2735 557 2787 soles
566 2738 601 2787 ita
613 2736 699 2787 condit
709 2737 798 2788 Villica
811 2740 893 2796 testis,
914 2738 918 2743 '

294 2809 326 2863 Et
341 2810 384 2862 nifi
395 2812 506 2862 votivum
515 2809 627 2866 domibus
639 2810 724 2876 procul
735 2814 770 2868 ire
780 2813 894 2870 sacellum

293 2888 509 2954 Reliiginjubeat,
520 2904 570 2940 uon
580 2888 712 2939 errabunda
723 2904 818 2956 penates

292 2963 404 3022 Deserit,
415 2977 443 3012 ut
452 2966 519 3013 vanis
533 2962 590 3014 alibi
602 2978 663 3013 terat
672 2967 723 3015 otia
731 2968 810 3031 nugis.
884 3001 887 3007 ·

292 3039 398 3093 Blandus
412 3044 485 3108 usque
503 3042 563 3093 lares
577 3042 663 3103 fotett
675 3047 702 3094 dt
717 3042 734 3093 si
746 3058 855 3109 tempora
864 3047 969 3112 poscunt

293 3117 329 3174 Ut
343 3120 453 3189 gravibus
464 3136 541 3177 mutet
554 3121 619 3177 fusos
631 3128 658 3176 it
667 3124 767 3184 stamina
776 3124 868 3186 tastris,
