2359 3975
306 460 377 561 '328
454 462 650 533 Pnnnrt
679 460 897 530 Rvsrrcr

307 581 339 633 Et
350 579 469 646 trepidum
481 580 634 639 lacerat,nec
644 576 696 628 edit
709 579 779 627 samis
789 582 921 629 immemor
930 590 1034 643 agnum

306 657 426 709 Demittes
440 654 521 707 valido
536 656 671 720 suspensam
686 653 742 704 fune
752 690 761 713 ,
773 670 917 722 gravemque
949 712 955 723 ‚

307 730 423 781 Roboreis
438 746 534 779 caveam
548 729 665 787 clariola,
682 745 758 795 quam
772 744 842 794 porta
856 728 964 779 recludat

308 804 405 857 Penstlie
416 825 422 855 ε
435 802 518 856 emisso
533 803 642 871 lapidum
654 809 791 869 perterritus
805 806 900 866 imbre,

308 884 397 949 Sponte
414 884 454 934 sui
470 884 539 950 lupus
554 884 630 949 iligno
646 885 669 932 se
685 900 778 934 carcere
793 882 902 943 claudit3

307 957 429 1027 Caeloque
443 958 558 1019 eduum,
574 958 707 1008 revolubile
722 975 807 1023 corpur
822 962 848 1007 in
865 962 949 1008 orbem

306 1031 475 1099 circumagit,
492 1033 571 1082 lucem
583 1033 676 1098 fugiens
691 1032 823 1099 oculosque
835 1030 970 1083 videntum.

307 1094 417 1161 illudunt
431 1126 502 1176 capto
518 1114 606 1176 pueri,
621 1109 730 1177 vanique
746 1123 882 1160 tumentem

225 1196 235 1203 “
307 1188 359 1239 Jam
376 1190 456 1247 rabie,
466 1192 491 1237 ilc
505 1190 583 1237 striuo
594 1191 754 1255 nequicquam
769 1187 842 1238 dente
851 1192 989 1251 minacem,

306 1264 400 1330 Ingenti
417 1268 496 1317 vicina
515 1269 612 1316 trahunt
628 1284 671 1333 per
688 1267 796 1333 compita
814 1269 908 1333 plausu.

340 1342 477 1392 Venantum
495 1343 562 1393 locus
576 1348 690 1409 ingenuan
706 1343 748 1398 hic
761 1348 796 1394 ite
814 1362 856 1410 per
871 1361 952 1408 arten,

294 1418 338 1475 ,Εῑ
354 1420 450 1469 canibus
467 1419 566 1487 telisque
581 1422 647 1486 sequi
660 1436 734 1485 genus
751 1438 825 1469 omne
840 1421 956 1473 seratum.

307 1495 435 1547 Nobilium
452 1496 519 1547 labor
534 1494 576 1545 ille
590 1494 669 1547 virum
686 1496 740 1558 est,
757 1497 862 1563 bellique
878 1503 974 1550 cruenti

306 1572 385 1625 Dulce
398 1573 577 1626 rudimentumt
589 1576 686 1640 juvenes
701 1578 804 1625 exercita
818 1578 888 1625 cursu

305 1652 417 1718 Corpora
433 1651 542 1703 venando
557 1650 644 1703 durant
657 1648 689 1703 ad
706 1652 781 1717 frigus
797 1655 823 1702 ut
841 1653 942 1714 aestum,

307 1730 391 1783 Corda
406 1730 449 1782 libi
464 1734 577 1799 generosa
594 1746 694 1798 parant,
709 1734 862 1797 animamque
876 1748 990 1797 capacem

308 1808 414 1870 Mortis,
428 1813 453 1859 δι
467 1824 586 1876 expertem
600 1807 681 1863 media
695 1811 757 1857 inter
772 1807 820 1857 tela
834 1812 947 1874 pavorisa

307 1884 424 1937 Exercent
441 1888 465 1935 δι
480 1885 511 1936 ad
526 1902 591 1935 arma
609 1901 712 1942 mantu3
731 1884 828 1951 astuque
843 1884 950 1935 ferarum

308 1963 343 2012 Ac
358 1976 484 2010 nemorum
500 1958 610 2020 insidiis,
629 1962 653 2009 bt
671 1958 757 2009 bellica
773 1959 838 2010 furta
851 1957 989 2022 docentur,

219 2103 222 2111 ¹
308 2037 457 2104 Hostilesque
471 2037 558 2088 dolos:
571 2038 720 2089 domitorum
735 2039 810 2104 strage
826 2039 941 2103 luporum

307 2109 397 2162 Nobile
414 2115 499 2162 Martis
515 2130 575 2179 opus
591 2113 704 2173 discunt,
721 2115 747 2162 n
763 2115 794 2161 ab
809 2113 876 2162 holle
892 2128 991 2163 tuentur

307 2187 425 2240 Defensos
442 2193 503 2256 apris
518 2209 531 2240 a
546 2191 702 2241 vastatoribus
720 2206 798 2254 agros.

341 2270 360 2318 F
361 2269 422 2320 luxit
432 2273 457 2341 in
467 2272 511 2320 hos
521 2274 636 2337 juvenum
646 2286 710 2320 nunc
721 2270 803 2320 mollit
812 2272 898 2319 inertia
908 2284 1004 2329 mores,

308 2347 344 2398 Ut
360 2342 524 2397 nisr'venandi
540 2346 644 2396 studium
661 2346 791 2397 firmaverit
807 2363 888 2406 artus,

307 2424 414 2490 Torpeat
430 2427 509 2475 enervi
525 2441 579 2472 cum
597 2440 696 2490 torpore
710 2424 809 2474 bellicus
826 2421 912 2472 ardore

305 2503 435 2552 Deseruere
451 2503 542 2568 pilam,
558 2501 728 2569 fimulacraque
745 2501 837 2552 ludicra
852 2519 950 2568 pugne,

307 2573 339 2624 Et
353 2575 439 2623 celeres
457 2577 482 2622 in
499 2592 561 2640 equo
578 2577 676 2624 cursus:
688 2593 737 2625 non
752 2573 853 2626 flumina
867 2575 948 2625 nando

308 2653 445 2718 Trajicere‚
466 2655 491 2700 δι
509 2650 573 2700 duris
590 2653 705 2717 juvenilia
722 2655 831 2702 membra
844 2651 948 2718 palestria

248 2757 249 2762 ¹
307 2733 420 2783 Exereere
437 2733 521 2796 Juvat,
541 2731 608 2794 pluis
626 2728 666 2778 sed
683 2727 764 2778 ludere
779 2732 867 2778 chartis
877 2764 886 2789 ,

307 2806 453 2858 Concettare
468 2805 578 2868 scyphis,
596 2807 720 2870 mimoque
735 2805 849 2854 obscaena
862 2807 954 2870 iocanti

307 2880 441 2941 Plaudere,
456 2881 494 2931 vel
511 2881 588 2943 Satyri
598 2882 662 2928 risus
676 2895 771 2945 captare
786 2879 893 2940 dicacis,

305 2957 399 3024 Proque
415 2957 472 3008 tubi
489 2955 588 3005 mollem
607 2955 694 3018 chelyn
706 2991 714 3015 ‚
725 2960 750 3005 δε
765 2973 863 3022 peccare
876 2957 988 3010 docenter
1039 3007 1043 3013 ,

308 3031 422 3088 Historias
430 3071 439 3099 ,
454 3035 492 3088 vel
505 3049 565 3102 quos
581 3030 709 3086 moriendo
723 3032 825 3101 cygnea
842 3051 940 3088 cantant
