2359 3975
326 455 399 542 164
460 459 658 528 Prrnnrr
685 462 910 530 Rvsrrct

326 573 435 634 Palleat,
451 577 475 623 ὅ(
492 574 567 639 glaeie
583 578 647 639 seges
664 575 788 625 infestetur
806 577 898 642 iniqui.

358 651 460 702 Versatis
477 669 600 719 properate
614 656 661 704 uiri
678 653 734 704 dare
750 657 840 704 semina
857 660 948 706 territt

324 724 389 777 Nam
404 727 470 795 quod
483 734 620 782 inoccatum
635 733 668 781 est
681 736 742 797 agris
754 731 887 782 sitientibus
900 768 908 793 ,
923 728 1005 784 imbre

325 800 389 852 Ctlm
399 807 488 868 putruit
497 803 596 855 modico
604 840 613 866 ,
621 803 723 855 viridem
736 808 859 871 consurgit
869 810 896 856 in
906 809 1025 867 herbernt

325 881 385 942 Quae
400 886 467 932 tereti
483 884 625 940 molles,ubi
641 886 706 948 rupit
719 887 829 933 acumine
846 899 939 945 terras,

324 959 423 1020 Haeret,
442 964 466 1010 δι
483 963 574 1010 hiberni
593 975 677 1010 eontra
691 963 744 1008 vim
762 960 878 1025 frigoris,
894 964 974 1012 imam

324 1033 468 1088 Consolidat
483 1040 576 1104 stirpem
590 1058 598 1098 i
609 1038 667 1088 dum
677 1038 776 1088 mollior
785 1055 840 1088 aura
853 1037 953 1090 silenter

323 1111 430 1168 Evotet,
445 1119 469 1163 δι
486 1113 550 1179 quasi
568 1117 660 1179 vaginis
675 1130 795 1178 emergere
810 1113 906 1162 culmos

322 1184 404 1251 Coget
416 1205 423 1245 3
437 1191 461 1237 δι
475 1187 569 1237 infidias
584 1203 687 1248 contra,
705 1188 880 1252 volucrumque
895 1193 1024 1255 rapinam,

322 1262 404 1313 Valler
419 1264 539 1312 aristarum
557 1279 621 1313 tutas
639 1267 772 1313 munimine
788 1263 876 1328 fruges.

354 1341 378 1389 Si
394 1358 442 1406 quo
455 1341 517 1390 forte
533 1341 612 1406 placet
630 1343 768 1406 contingere
783 1342 874 1390 semina
889 1342 984 1404 sueto,

321 1415 400 1481 Atque
417 1415 541 1465 salutiferis
557 1416 647 1479 segetes
669 1432 753 1480 urgere
766 1417 884 1473 venenis3

319 1493 432 1559 Expertes
450 1494 513 1544 ultro
532 1491 624 1541 tradam
640 1509 692 1540 non
708 1489 802 1540 invidus
819 1506 890 1540 artes.

247 1589 254 1595 ⁴
322 1568 405 1634 Nuper
422 1571 485 1617 enirn
502 1565 558 1616 culm
571 1564 624 1614 dira
640 1563 715 1614 sames
728 1562 851 1616 invaderet
869 1566 958 1625 urbest

320 1649 421 1713 Jamque
433 1646 441 1714 (
451 1642 537 1711 nefas)
550 1647 606 1694 vitae
622 1645 724 1694 niallent
740 1646 893 1709 presentibus
909 1649 947 1694 uti

320 1721 439 1782 Auxiliis‚
454 1721 507 1772 fidae
522 1721 596 1788 qulm
612 1719 706 1770 credere
723 1722 813 1768 semina
827 1736 917 1779 rerrae,

320 1796 501 1863 Venturumque
517 1795 577 1846 adeo
592 1812 659 1844 curas
673 1792 797 1844 extendere
814 1797 839 1843 in
855 1810 965 1844 annumt

320 1873 422 1924 Cautior
434 1876 482 1939 ipse
497 1875 564 1922 locos
579 1871 647 1932 adii,
667 1874 752 1938 quibus
766 1887 816 1920 atre
831 1876 922 1920 recenti

319 1951 456 2004 Conficitur
471 1956 550 2019 pyrius
568 1952 697 2002 castrorum
712 1951 789 2016 pultis
802 1954 827 2001 itt
842 1952 895 1999 usus
909 1967 919 2011 3

319 2029 352 2081 Et
366 2034 456 2081 nitrum
476 2032 509 2079 sal
525 2028 580 2080 inde
595 2029 640 2078 tuli
653 2049 660 2077 e
672 2031 802 2095 satiataque
819 2031 903 2093 pingui

318 2108 431 2158 Flumina
447 2105 532 2158 deinde
548 2104 608 2157 fimo
621 2110 687 2157 tetris
700 2109 793 2157 haurire
807 2104 896 2155 cloacis

317 2186 376 2237 Non
393 2186 497 2253 puduit,
509 2184 632 2253 ctall'oque
647 2188 747 2236 humore
758 2186 875 2235 resolvere
889 2187 999 2247 nitrum3

317 2262 471 2331 Turpidaque
487 2263 566 2313 infuso
582 2260 697 2312 medicari
712 2263 803 2311 sentina
818 2277 887 2327 potu.

317 2338 376 2390 lnde
391 2342 442 2393 solo
459 2346 574 2401 mittens,
590 2344 723 2407 iterumque
739 2344 874 2409 iterumque
888 2346 1004 2398 colonum
1095 2383 1096 2396 r

316 2416 439 2468 Admonui
455 2420 526 2469 solito
540 2420 625 2467 sereret
642 2433 673 2467 ue
692 2434 775 2477 ruore,
787 2436 937 2487 manumque
1094 2479 1095 2486 ἵ

316 2492 354 2539 Sic
369 2508 485 2556 premerer
497 2496 626 2557 spargens,
643 2504 670 2539 ut
684 2490 750 2556 quod
766 2490 821 2541 dare
836 2495 945 2546 sueverat
956 2500 1013 2558 uni,
1093 2507 1095 2536 l

315 2564 424 2623 Quaruor
434 2564 530 2616 auderet
547 2570 629 2631 partiri
645 2570 672 2615 in
686 2571 767 2632 jugera
781 2571 873 2619 semen.

314 2638 420 2693 Mtrisrtet
432 2640 473 2689 ille
490 2639 564 2700 licet,
583 2644 703 2707 tacitoque
716 2643 883 2697 obmurmuret
895 2663 937 2697 ote
950 2684 959 2708 ,

315 2719 436 2785 Objiciens
452 2723 530 2772 secum
541 2739 547 2769 r
556 2737 625 2785 parce
634 2721 674 2787 qul
683 2720 784 2782 seminar
795 2757 804 2780 ‚
817 2723 878 2771 idem

314 2793 534 2845 pertinentem:
545 2798 643 2859 ancipiti
658 2794 787 2845 formidine
801 2795 890 2861 pressus

315 2871 459 2936 Obsequitur
480 2886 558 2920 tamen
570 2887 578 2927 3
590 2873 615 2919 &
628 2886 679 2918 non
695 2870 815 2925 intelletia
829 2870 946 2925 facessens

314 2944 395 3005 Juffa,
410 2963 451 3010 per
468 2950 574 3011 ingentes
590 2946 677 3009 spargit
693 2948 804 2996 rariffima
820 2965 921 3014 catnpos

316 3024 411 3076 Semina
422 3042 428 3076 t
440 3042 484 3077 nec
503 3025 575 3077 fallax
590 3024 729 3092 luliuspem
743 3027 819 3077 meffie
835 3030 952 3082 inanem:
