2359 3975
395 510 587 581 errn
627 509 656 579 I.
845 530 891 604 ²9

188 628 279 697 Tuque
290 626 469 695 Capistronides
481 663 490 691 ,
505 632 589 679 anime
600 644 653 695 pars
663 626 737 677 altere
747 628 829 679 nostru
842 660 850 688 ‚

156 706 206 758 liic
221 707 340 773 plausus,
355 704 397 755 hic
410 704 479 755 illam
495 708 558 755 inter
572 720 684 772 querceta
698 706 797 770 parabus

157 785 257 836 Nobilis
273 786 365 850 ingenii
381 782 492 843 sarnam
510 783 558 849 qui
575 782 622 834 sive
636 786 783 833 cothurnum

156 862 272 913 AEmulus
288 859 385 912 assumis
399 861 508 911 fraterna
525 858 624 921 laudis,
640 860 716 911 aveni

157 940 213 989 Sive
229 940 295 986 canis
312 935 471 1003 citharique,
489 950 531 986 tuo
547 937 588 986 seu
606 934 705 1001 profluit
720 951 762 985 ore

156 1014 271 1080 Majeslas
285 1030 404 1074 romana,
420 1013 487 1079 lepos
502 1013 541 1065 vel
559 1013 656 1079 gallur,
674 1029 777 1079 utroque

156 1090 188 1141 Et
206 1092 269 1140 lario
285 1094 409 1157 patrioque
424 1104 508 1156 potens
525 1091 655 1151 sermone,
674 1092 787 1139 Senatum

157 1165 307 1231 Purpureum
322 1166 416 1223 trahis,
433 1167 457 1212 bc
473 1162 577 1229 populor
591 1180 615 1213 ee
628 1166 680 1213 cive
696 1164 817 1228 superbos.

190 1243 235 1292 His
247 1258 292 1305 ego
307 1256 330 1289 te
342 1275 351 1301 ,
365 1256 414 1307 quo
428 1244 478 1306 jam
492 1240 580 1290 vellem
591 1240 736 1289 monstrante
746 1238 848 1301 doceri,

157 1320 252 1379 institui
270 1318 334 1370 filvis
350 1322 449 1384 primo,
467 1317 570 1381 Belou,
590 1320 633 1367 sub
651 1336 724 1380 ενοι

158 1399 225 1452 Cum
239 1397 327 1448 florens
344 1394 446 1458 studiis,
465 1412 526 1447 artes
540 1400 575 1446 ita
590 1412 660 1447 natus
675 1395 706 1446 ad
722 1414 806 1447 omnes

158 1468 213 1520 Esse
227 1467 366 1529 videbaris,
385 1469 448 1520 soret
462 1484 490 1520 ur
504 1467 636 1520 dubitabile
651 1470 718 1538 quali

158 1546 198 1598 Ad
214 1550 336 1597 summum
354 1544 424 1597 decus
439 1550 530 1613 ingenii
547 1547 685 1614 famamque
700 1547 805 1614 placeret

159 1624 197 1675 lre
213 1625 256 1677 via
274 1643 281 1674 ε
297 1640 354 1674 nem
370 1627 443 1675 verba
459 1626 534 1674 sacras
549 1640 632 1674 orator
650 1624 681 1674 ad
698 1642 748 1674 ares

160 1704 206 1753 Seu
221 1703 311 1753 faceres
323 1718 332 1763 ς
349 1702 460 1763 nostras,
475 1702 601 1751 Musarum
617 1702 690 1751 castra
704 1704 816 1765 secutus,

157 1782 291 1831 Obscuram
306 1796 348 1830 ruo
361 1779 435 1831 velles
453 1780 493 1829 seu
510 1783 616 1830 carmine
632 1776 733 1839 lauder,

157 1854 286 1907 Plauderet
301 1856 375 1916 urbs,
394 1854 465 1907 avidi
478 1873 522 1906 nec
539 1856 632 1923 segnius
646 1873 701 1907 aure
718 1872 844 1908 canentem

155 1932 302 2001 Exciperet,
318 1932 393 2002 quim
407 1935 471 1983 sacra
485 1949 567 1985 tenens
581 1934 638 1983 crlm
654 1934 747 2001 pulpita
764 1936 836 1987 solvis

156 2013 221 2064 Luce
237 2012 279 2063 tul
294 2010 350 2062 fidei
369 2014 495 2073 tenebras,
511 2011 658 2080 cupidosque
674 2011 765 2064 sciendi

155 2090 317 2160 Discipulos,
336 2088 367 2141 ad
382 2093 454 2159 quin
467 2089 549 2143 virum
563 2105 663 2142 centena
678 2095 793 2153 coasior,

156 2166 225 2219 Voce
243 2162 315 2215 doces
329 2164 426 2230 virique
442 2167 517 2231 magis
531 2167 625 2232 pietatis
641 2181 758 2215 amorem.

189 2244 212 2293 0
230 2244 238 2294 Ξ
255 2244 298 2292 ubi
311 2257 375 2291 nunc
391 2240 478 2292 virides
494 2244 586 2292 umbre
602 2245 716 2308 tacitique
732 2238 852 2301 recessus,

157 2321 206 2383 Qui
222 2311 303 2370 tantos
318 2319 397 2369 aluere
414 2323 477 2370 'viros
494 2322 501 2370 Ξ
517 2320 614 2370 instaret
629 2320 714 2367 acerba

155 2401 222 2455 cum
237 2406 288 2468 jam
304 2417 374 2465 pune
388 2399 438 2450 dies
453 2403 561 2466 perituris
576 2399 663 2448 ultima
680 2397 764 2456 filiis,

154 2479 219 2528 Proh
235 2479 242 2528 Ξ
259 2477 326 2545 quali
343 2481 422 2527 tonuit
436 2478 550 2528 Parmsia
563 2493 686 2527 murmure
697 2473 786 2543 rupes!

156 2554 203 2606 Sed
218 2553 279 2622 quid
294 2557 435 2604 inhumanae
452 2569 535 2605 contra
549 2569 648 2620 potuere
662 2556 752 2604 secures

155 2632 273 2685 Carmina
285 2651 291 2680 ε
304 2631 417 2682 Threicio
427 2649 573 2699 quamquam
583 2649 633 2682 non
643 2634 737 2697 segnior
748 2631 846 2696 Orpheo

153 2711 285 2762 flebilibus
301 2709 389 2778 juliam
405 2713 483 2760 nervis
501 2708 615 2760 effuderit
630 2714 690 2759 iram
832 2705 836 2710 ’

152 2788 287 2853 Murgius3
306 2789 382 2836 roniis
399 2790 449 2853 jam
462 2803 513 2838 non
526 2790 602 2837 aurita
619 2787 697 2837 Poetis

153 2865 300 2931 obsequitur
311 2880 431 2930 quercus3
447 2861 487 2913 secl
500 2899 508 2924 ‚
527 2861 661 2932 quodlicet
674 2898 683 2923 ,
700 2865 745 2911 isia
755 2861 853 2927 bipenni

153 2940 308 3008 Congemit3
325 2943 350 2990 δι
362 2939 411 3007 qui
421 2957 480 2990 voce
490 2941 566 3006 potest
578 2975 587 3001 ,
602 2957 662 3008 quos
673 2942 755 3004 sapius
768 2939 852 2987 umbri

151 3019 242 3080 Fovit,
262 3016 296 3070 ad
310 3017 427 3068 auxilium
440 3032 513 3068 vocat
529 3020 661 3068 emoritura
674 3015 775 3066 sodales.

150 3094 290 3159 Venimus,
307 3111 336 3148 ec
352 3095 432 3150 veluti
449 3091 505 3146 duta
520 3094 573 3162 posi
588 3097 737 3152 certamina,
753 3107 840 3157 campo

690 3181 710 3234 B
726 3185 751 3248 iij
