2359 3975
292 467 343 550 94
410 445 630 522 ,Pnnnrr
658 439 877 512 Rnsrrcr

291 547 376 622 serrat
389 562 467 617 adhuc
482 566 555 616 muris
570 579 579 612 ι
596 559 674 612 nudos
690 563 717 610 ln
730 561 835 625 imagine
849 557 933 610 dentes
1018 575 1023 590 ·

292 646 395 707 Exerit,
413 649 439 694 &
455 643 534 693 lacero
549 642 625 691 vilior
641 641 706 688 canis
721 635 808 686 insidet
822 637 893 687 hosti.

293 725 361 775 lilius
378 739 431 774 ante
448 722 532 772 oculos
548 720 670 769 Dominus
687 718 751 767 clam
765 716 863 767 vulnere
879 733 944 767 caeco

291 799 460 860 Conciderat,
476 799 556 849 multo
571 795 672 848 fundens
685 812 742 846 cum
756 797 870 861 sanguine
884 797 981 845 vitam:

291 878 363 928 Visus
382 874 468 928 deinde
487 879 540 925 canl
557 872 639 926 medii
655 875 756 922 Sicariur
771 871 827 922 aula

291 951 431 1008 Vindictam
445 954 571 1014 stimulat,
586 949 753 1017 memoresque
766 952 889 1001 resuscitat
903 953 959 1001 irae.

291 1034 356 1102 Ergo
372 1037 451 1085 virum
466 1028 514 1081 fine
530 1047 598 1080 more
613 1029 668 1079 feris
681 1028 804 1080 latratibus
820 1045 925 1094 urgens,

290 1111 412 1164 Indicium
426 1107 528 1160 ostendit
545 1106 659 1166 scelerier
675 1121 819 1172 poenamque
835 1106 960 1170 reposcens
1007 1149 1010 1154 .

289 1186 382 1244 lrruit3
401 1187 425 1234 &
441 1200 589 1250 quamquam
607 1183 708 1231 Sicarius
724 1184 770 1230 iret
783 1183 810 1229 in
827 1181 919 1238 armis3

288 1258 393 1323 Solaque
410 1271 544 1321 protegeret
561 1259 636 1320 pietas
653 1250 779 1321 spesianda
793 1249 946 1312 molossum

290 1334 389 1384 flofflca
397 1331 532 1384 vindicibus
542 1331 600 1382 dens
609 1328 726 1381 morsibus
743 1330 786 1380 ilia
802 1333 876 1395 rupit.

323 1412 352 1464 In
362 1411 480 1460 Dominus
489 1405 595 1476 peccaffe
603 1425 687 1458 canem
697 1424 793 1474 quoque
804 1410 906 1473 poenitet
914 1427 921 1457 e
930 1407 992 1459 edes

290 1491 374 1558 Nuper
392 1495 456 1542 enim
474 1489 530 1541 cum
547 1489 626 1539 forma
638 1492 686 1541 viri
700 1489 791 1538 larvata
805 1489 915 1549 subirem

290 1569 395 1636 Insurgit
411 1571 475 1620 caule
491 1584 531 1617 ore
549 1566 637 1626 ferox,
656 1569 682 1616 δι
699 1566 791 1615 nescius
809 1567 888 1630 ipsum

198 1696 201 1701 ,
290 1645 369 1697 Laedir
386 1649 491 1706 herum,
510 1647 551 1710 qui
569 1642 676 1693 detrasio
692 1641 810 1692 velamine
825 1642 902 1692 tristes

290 1726 369 1775 Serius
384 1726 430 1774 heu
448 1724 455 1772 Ξ
472 1724 557 1786 retegit
573 1721 674 1780 vultur,
691 1723 716 1768 &
730 1719 829 1769 vulnera
843 1720 960 1772 monslrat

291 1799 439 1867 ignoscenda
453 1818 460 1858 3
479 1801 525 1847 suis
541 1799 663 1862 ignoscere
679 1795 696 1844 fi
714 1793 774 1862 quid
787 1811 893 1848 amantes

291 1878 392 1928 Deliciis
407 1873 500 1942 pollent
517 1893 523 1922 :
540 1873 619 1923 lucem
633 1875 757 1939 vitamque
773 1874 870 1938 perosus

259 1965 261 1970 '
290 1955 416 2015 Delituit3
435 1954 557 2019 certusque
575 1953 640 2001 mori
656 1954 720 2001 canis
736 1953 822 2003 horrea
837 1951 926 2020 Bacchi

291 2030 364 2083 caeca
377 2032 458 2096 perit,
476 2028 583 2093 cupaque
602 2028 678 2092 gemit
694 2023 742 2075 srne
758 2023 806 2075 fine
823 2026 866 2075 sub
882 2026 940 2077 alta.

291 2107 421 2173 Indulgens
436 2106 532 2157 veniam
548 2104 691 2163 Dominus,
707 2102 838 2169 compellat
854 2105 933 2155 amica

290 2184 359 2234 Voce
371 2198 454 2233 canem
464 2198 472 2241 3
484 2178 524 2231 sed
535 2180 647 2229 acerbum
657 2180 721 2227 acciit
731 2172 780 2229 vox
790 2182 887 2245 cognita
896 2180 988 2233 lustum
993 2201 1005 2245 3

283 2261 346 2313 ·Nec
361 2260 404 2311 nisi
423 2278 465 2327 per
480 2260 597 2324 lacrymas
614 2263 639 2309 &
655 2276 697 2324 per
713 2258 789 2309 trister
804 2258 909 2310 ululatur

291 2337 445 2409 {repondens
457 2372 465 2399 ,
478 2336 624 2404 dapibusque
635 2352 724 2401 negem
735 2333 866 2401 producere
874 2340 952 2389 viram
963 2373 974 2402 ,

290 2418 388 2485 Jejunor
405 2432 510 2467 murore
526 2413 575 2464 dier
590 2414 696 2463 absumit
711 2413 805 2463 acerbo.

325 2495 361 2543 lte
367 2491 460 2551 modo,
470 2496 495 2540 lic
503 2508 555 2557 quae
562 2506 624 2541 vana
631 2492 705 2556 Sophi
712 2504 850 2541 commenta
857 2489 991 2558 loquemur

291 2569 411 2630 Credite,
430 2567 497 2635 quod
514 2583 593 2617 tantos
609 2572 708 2633 'capiunt
721 2568 834 2622 animam
849 2570 950 2630 sensus,

290 2651 368 2715 Seque
381 2660 480 2697 movent
492 2642 540 2693 fine
554 2658 655 2704 mente5
670 2647 717 2695 suis
729 2660 757 2695 nt
768 2648 880 2695 machina
893 2650 972 2698 nervis

290 2725 395 2782 Ducitur
411 2726 458 2774 huc
475 2722 552 2781 illuc3
569 2737 596 2771 ut
612 2739 668 2773 acus
683 2727 819 2789 magnetica
830 2726 900 2774 miris
934 2750 937 2755 ·

290 2801 421 2870 irrequieta
436 2799 516 2851 modia
531 2814 608 2866 partes
622 2801 646 2849 se
661 2803 738 2851 versat
752 2804 780 2852 in
793 2818 898 2863 omnes,

218 2910 220 2914 ·
289 2878 376 2941 Donqc
394 2879 566 2945 hyperboreanr
584 2876 682 2930 tandem
697 2880 823 2943 respexerit
835 2883 933 2931 Arcion.

324 2954 929 3047 instruariafidiascanir‚&peraperraseerwrr
999 3010 1003 3015 Α
