2359 3975
394 475 744 548 ererll.
858 494 923 574 245

199 596 337 665 suspiciat,
352 591 418 648 casus
434 597 520 646 habilis
534 599 656 662 praevertit
671 595 787 643 acerbos:

200 672 353 724 Garrulitatis
369 674 435 724 enirn
450 670 493 720 fibi
508 672 634 730 conscius,
652 686 693 718 ore
709 669 820 733 lapillum

199 749 326 801 Mordicus
343 749 488 816 apprendens
502 750 589 801 celerat
597 784 606 811 ,
618 751 749 814 tacitusque
764 749 864 796 salutem

199 829 278 878 Amne
292 833 370 894 petit,
385 847 434 896 quo
447 829 505 879 dum
518 829 592 880 flutio
605 832 726 894 suspensus
739 829 852 888 oberrat,

199 905 245 954 Per
260 907 355 954 resonas
370 905 427 954 laeto
443 906 547 956 clamore
563 906 693 958 tumultuet
710 901 803 962 undas;

198 981 236 1031 Ac
254 982 332 1031 milvo
347 984 477 1043 veniente,
492 998 563 1048 caput
582 979 689 1032 demittit
702 984 727 1030 in
741 997 855 1038 amnem,
895 1007 898 1022 ·

198 1058 231 1108 Et
247 1059 332 1124 procul
346 1074 410 1108 extat
425 1063 511 1124 aquis,
526 1059 618 1108 hostem
634 1059 754 1108 frustratus
770 1058 799 1106 ab
817 1057 867 1106 alto

195 1135 351 1200 Delapsum,
367 1139 392 1186 δι
408 1133 511 1185 madidis
528 1135 677 1186 molantem
693 1133 781 1184 tardius
796 1132 849 1181 alls.

230 1212 306 1263 Culta
321 1228 419 1278 vagetur
434 1230 489 1262 anas
505 1230 546 1278 per
559 1229 634 1271 rura3
650 1211 690 1261 sed
704 1213 771 1260 anser
785 1211 861 1260 alatur
877 1225 883 1235 ··

196 1287 311 1338 Ptaefeiio
324 1285 421 1336 custode
432 1307 438 1336 z
450 1290 512 1338 satos
524 1305 582 1338 uam
597 1287 714 1340 mortibus
727 1303 796 1352 agros

194 1365 336 1415 Demolitur
351 1363 428 1425 edax,
443 1369 470 1421 ,δι
482 1363 563 1414 adurit
575 1365 675 1414 stercore
688 1379 772 1428 prata,

196 1445 276 1509 Atque
291 1429 427 1492 obluctatui
436 1441 519 1491 solidis
535 1442 669 1491 anserculus
684 1443 779 1500 herbis,

196 1521 325 1585 Abrumpit
341 1524 424 1572 misere
441 1521 554 1581 collum,
570 1522 721 1586 moriensque
738 1523 819 1570 voraci

179 1595 302 1652 ,Gramen
316 1600 343 1645 in
357 1613 399 1646 ore
413 1611 478 1646 tenet
493 1595 603 1645 nondum
617 1595 701 1644 tellure
719 1594 847 1644 revulsum.

230 1673 329 1722 Mutuus
345 1673 477 1722 amnicolas
495 1672 612 1721 constanti
629 1669 719 1721 foedere
733 1671 811 1736 pullos
876 1705 878 1710 -

195 1745 279 1811 Jungit
296 1764 378 1797 amor:
390 1746 459 1796 fimul
476 1746 600 1796 herbiferis
615 1748 745 1811 spatiantur
758 1749 783 1794 in
800 1748 877 1810 agris,

196 1820 379 1887 Turmatimque
395 1823 459 1871 lacus
475 1825 499 1871 δι
515 1818 596 1871 dulcia
611 1820 695 1871 balnea
709 1827 825 1886 querunt.

229 1899 327 1952 Nonea
343 1900 467 1965 pullallros
483 1916 529 1964 pax
546 1902 571 1948 δι
587 1896 717 1949 concordia
732 1897 808 1964 gallos

194 1974 315 2043 Colligit:
326 1996 424 2033 aeternas
441 1996 549 2029 exercent
564 1979 682 2045 unguibus
700 1982 761 2039 irat;

193 2055 274 2121 Atque
293 2059 334 2107 ubi
349 2057 431 2107 rivales
448 2062 510 2107 inter
519 2062 617 2124 *maJore
633 2072 760 2127 moventur
841 2116 844 2124 Ι

193 2134 242 2183 Pro
257 2138 334 2199 gregis
349 2136 472 2199 imperio,
487 2132 553 2184 dulci
568 2150 612 2198 pro
628 2137 749 2198 conjuge,
765 2131 847 2189 bella3

193 2210 247 2261 Nec
265 2211 392 2262 dominum
408 2231 452 2263 nec
466 2215 552 2262 habere
566 2229 646 2277 parem
664 2212 757 2261 cristata
770 2212 873 2261 volucris

192 2289 247 2339 Jam
256 2293 362 2355 patirur3
373 2289 494 2353 fixumque
509 2303 590 2335 manet
602 2287 641 2337 vel
654 2290 765 2351 sanguine
779 2301 879 2348 regnunt

193 2364 327 2425 Quaercre,
344 2363 383 2413 vel
398 2363 464 2411 claro
480 2365 556 2412 vitam
570 2364 721 2410 committere
739 2359 807 2417 fat03
839 2386 842 2392 ·
905 2408 907 2411 .

193 2440 254 2489 Non
271 2438 340 2488 filvas
353 2454 404 2487 non
420 2452 487 2487 antra
502 2450 587 2504 petunt
604 2438 691 2486 secreta
704 2472 711 2497 ‚
726 2434 765 2485 sed
784 2438 844 2502 ipsas
863 2475 865 2479 ,

192 2516 259 2566 Inter
273 2518 362 2566 chortis
376 2532 450 2573 aves,
464 2530 564 2579 quarum
579 2516 701 2579 praesentia
714 2518 774 2563 vires

192 2589 352 2649 Exstimulat,
363 2589 441 2654 placet
455 2592 552 2655 ancipiti
570 2586 714 2639 contendere
730 2589 803 2639 bello.

226 2668 300 2719 Colla
314 2673 392 2735 rigent
405 2672 494 2719 hirsuta
510 2673 589 2736 jubis,
606 2670 709 2737 palearia
722 2686 805 2719 mento

192 2744 252 2794 Dira
270 2748 354 2795 rubent
366 2766 371 2794 r
383 2763 468 2811 pugnae
482 2745 597 2810 preludia
614 2746 700 2806 nulla,
717 2744 758 2794 sed
775 2745 847 2794 ambo

190 2820 298 2869 Partibus
312 2818 412 2868 adversis
430 2819 492 2868 fario
508 2818 577 2869 fimul
595 2824 683 2885 impete
698 2818 764 2869 duris

191 2897 288 2947 Peliora
304 2897 436 2960 pelloribus
453 2885 582 2961 ¹quatiunt,
598 2895 693 2943 hossilia
709 2895 788 2944 rostris

191 2974 275 3024 Rostra
281 2987 378 3039 petunt,
387 2972 521 3040 llriiiosque
531 2972 650 3037 repulsam
659 2972 774 3041 unguibus
785 2988 885 3043 unguere

757 3060 775 3109 L
791 3063 816 3125 iij
