2359 3975
315 505 386 577 ²¹4
448 484 652 554 Pnnnrr
679 488 911 557 Rvsrrcr

311 605 395 671 Nuper
409 607 473 655 enirn
491 601 572 654 dulces
587 605 644 654 cim
661 609 710 669 jam
727 620 823 654 matura
836 607 932 671 sapores

310 683 366 734 Uva
382 681 551 748 ‹irre13nigro
567 683 699 732 concrescit
716 686 743 732 in
756 687 810 732 a'ere
826 686 921 745 nubes,

311 763 372 822 Quae
389 759 502 826 trepido,
517 763 593 824 magis
609 773 680 825 atque
690 763 767 824 magis
781 756 901 821 densata,
912 760 1003 810 colonos

310 835 437 886 Exanimat
452 849 558 884 terrore:
572 832 623 882 finu
636 831 697 899 quid
714 831 817 882 devehat
833 849 888 883 atro

311 911 397 962 Nescia
408 911 491 977 plebs,
502 909 602 960 Coelurn
614 914 722 974 gemitu,
737 926 858 976 raucoque
873 912 958 976 fatigat

311 988 384 1047 AEre3
397 986 438 1037 sed
449 989 561 1036 obscuros
578 1001 629 1034 non
642 1002 688 1034 aera
702 987 812 1034 sonantia
828 990 945 1047 nimbos,

312 1065 370 1114 Non
380 1068 496 1130 gemitus,
504 1080 553 1112 non
563 1077 622 1114 vota
632 1062 731 1126 fugant:
740 1062 800 1111 furit
812 1063 910 1113 horrida
920 1065 1000 1113 nimbis

312 1142 466 1206 Tempestas:
482 1144 573 1189 tonitru
589 1153 683 1188 montes
697 1142 857 1204 quatiuntur3
871 1145 896 1190 bt
913 1147 951 1189 ae'r

310 1219 369 1269 Non
385 1217 517 1268 intermiists
530 1221 604 1266 micat
618 1216 726 1280 ignibus:
738 1220 823 1264 omnia
837 1219 921 1282 paffim

310 1295 428 1344 Imbribus
443 1311 498 1343 arva
515 1308 615 1351 natant3
629 1308 673 1340 nec
687 1290 740 1341 dira
752 1297 880 1354 tonitrua,
899 1295 956 1345 cccli

310 1368 418 1420 Turbida
431 1387 474 1419 nec
489 1369 580 1427 facies,
595 1384 674 1433 neque
687 1368 794 1433 plaustris
809 1373 877 1420 invia
892 1372 962 1420 tellus

310 1447 413 1498 venales
429 1462 523 1497 tenuere
539 1449 639 1494 animas.
656 1444 801 1494 Pluviaiibus
818 1463 871 1496 uva

311 1524 385 1574 Poene
400 1538 478 1590 putres
494 1522 623 1570 miscentur
639 1523 721 1584 aquisz
733 1536 872 1586 magnoque
890 1522 983 1580 labore,

312 1599 359 1650 Sed
371 1605 435 1650 tenui
450 1599 535 1666 iegitur
553 1594 649 1645 sordem
664 1595 788 1659 yindcmia
801 1601 901 1663 questu.

345 1679 427 1728 Triiiis
443 1691 492 1726 crat
504 1678 562 1726 vino
577 1672 669 1732 facies,
684 1676 791 1738 ingratus
805 1678 833 1724 in
847 1692 892 1724 nre

313 1756 461 1806 Tentantum
477 1755 561 1817 sapor,
575 1755 601 1799 bc
613 1753 675 1801 vites
690 1753 716 1799 in
726 1753 820 1814 penore
832 1751 916 1800 nulia.

312 1833 402 1898 siquis
418 1830 495 1888 inest,
510 1828 577 1876 lento
589 1827 683 1876 eiicitnr
696 1843 760 1876 nunc
774 1829 870 1892 spiritus
885 1833 958 1894 ignes

312 1909 433 1958 stillatum
450 1906 490 1955 sed
505 1910 529 1954 δι
544 1909 594 1970 ipse
605 1922 679 1971 vapor
697 1904 807 1955 densatus
824 1910 851 1954 in
864 1908 983 1967 imbrem,

312 1985 474 2050 frigentisque
492 1981 566 2032 fluens
585 1982 678 2033 sinuosa
691 2000 733 2048 per
746 2000 789 2033 ors
802 1983 908 2042 lebetis,

313 2062 384 2125 Signa
399 2059 443 2107 iuis
457 2058 581 2107 manifesta
598 2058 689 2106 refert:
703 2075 759 2107 narn
774 2074 819 2108 nec
834 2061 896 2124 sapit
908 2064 945 2109 ori

312 2134 364 2186 Nec
380 2136 502 2185 stomacho
518 2134 580 2185 calet
591 2170 599 2194 ‚
611 2134 724 2185 admotos
739 2152 782 2185 nec
797 2137 896 2203 suscipit
912 2141 985 2203 ignes.

346 2210 384 2260 Ne
400 2224 523 2275 properate
539 2225 620 2259 tamen
636 2208 704 2259 dubii
723 2210 853 2261 formidine
869 2213 946 2262 coeli:

312 2287 344 2337 Et
358 2304 400 2337 vos
416 2291 442 2336 in
455 2286 571 2351 populum
588 2286 674 2351 quibus
693 2287 726 2337 eii
740 2286 851 2352 permiisa
864 2291 983 2354 potestas,

312 2366 396 2416 invitis
412 2369 483 2415 etiam
496 2363 550 2414 dare
562 2364 650 2429 pocula
661 2364 715 2414 laeta
726 2400 734 2425 ,
747 2368 879 2433 gravesque

311 2444 382 2494 More
399 2445 495 2493 Patrum
512 2460 594 2507 pernas
609 2441 725 2503 indicite,
738 2443 756 2492 sr
769 2447 822 2510 quis
836 2448 936 2497 acerbos

311 2521 474 2585 Przproperus
486 2518 550 2583 legat
565 2534 620 2568 ante
633 2517 740 2570 diemde
753 2523 803 2571 rite
813 2538 933 2573 racemos.

310 2597 372 2648 Mox
386 2598 426 2645 ubi
443 2610 534 2660 ternpus
550 2600 612 2656 erit,
627 2612 700 2646 notos
714 2594 756 2647 det
768 2598 872 2648 buccina
885 2614 986 2663 cantus,

310 2675 414 2741 imperet
429 2676 454 2723 bc
469 2688 523 2722 toto
536 2673 662 2722 Baccheos
672 2690 725 2723 rure
735 2674 838 2724 labores.

344 2755 378 2803 Ac
393 2752 467 2803 veluti
479 2750 547 2799 miles
559 2785 567 2812 ‚
579 2749 635 2799 crim
647 2754 768 2816 proximus
779 2754 895 2802 imminet
905 2754 993 2816 hostis,

311 2834 418 2883 Intentus
433 2829 490 2878 belii
504 2827 570 2895 signo
586 2825 653 2894 prist
665 2846 730 2879 arma
741 2864 750 2889 ‚
763 2848 807 2880 nec
819 2830 895 2881 audet

310 2906 409 2976 Injuisas
424 2910 521 2957 miscere
537 2923 638 2966 manus,
654 2910 679 2956 bc
696 2908 783 2957 vellere
805 2907 891 2975 iigna3

253 3003 259 3011 ·
309 2987 372 3037 Ante
385 2984 534 3050 canatquim
546 3000 615 3032 rauca
625 2983 677 3033 fero
688 2986 746 3033 tuba
753 3002 877 3037 murmure
888 3006 1007 3056 pugnam

310 3067 349 3123 Sic
363 3064 403 3116 ubi
419 3066 467 3127 iam
481 3076 573 3110 matura
589 3076 661 3111 vocat
672 3060 796 3111 vindemia
807 3067 890 3124 cives,

309 3141 342 3193 Et
356 3138 525 3203 Dyonifiacum
540 3140 677 3188 cecinerunt
689 3155 779 3189 cornua
792 3140 887 3191 bellum
895 3161 904 3202 3
950 3195 954 3204 ,
