2359 3975
323 451 391 528 182
466 453 664 524 Pnunrr
690 451 909 524 Rusrrcr

350 574 457 624 Maturas
475 573 552 622 aestiva
568 571 652 637 procul
668 586 729 620 terat
741 587 794 621 area
810 572 908 637 fruges3

318 645 415 697 Infestas
432 647 492 698 oleri
505 646 582 714 paleas
597 663 628 695 ne
642 661 726 696 ventus
740 648 767 694 in
781 647 880 695 horturn

316 725 417 778 Deserat
434 730 458 776 bc
476 741 544 776 moto
562 727 703 791 conspergat
717 725 813 791 pulvere
826 725 931 790 plantas.

318 802 356 854 Ne
372 808 438 870 pigra
451 806 535 855 vicinis
552 801 629 853 foedas
646 806 741 852 imitata
759 800 858 868 paludes

317 879 424 947 Torpent
438 878 503 930 unda
516 880 576 928 locis
588 897 597 938 3
611 882 710 928 inimica
724 879 856 928 nitentibus
872 879 950 928 herbis

317 959 405 1026 Stagna
422 959 547 1008 calescenti
564 970 676 1024 generant
692 956 805 1006 animalia
821 957 892 1006 limo.
925 981 931 990 ·

349 1040 374 1087 si
391 1036 515 1102 vestigales
532 1032 746 1085 amnisdeuererit
762 1031 836 1083 undas
845 1051 854 1093 3

316 1116 412 1182 Seque,
429 1115 477 1164 loci
496 1112 557 1162 miri
571 1126 653 1176 captus
668 1107 815 1169 dulcedine,
831 1110 911 1175 plures

315 1191 416 1242 Dividat
430 1195 455 1242 in
470 1194 554 1244 rivos,
571 1203 672 1253 totoque
690 1186 839 1252 perambulet
853 1189 943 1246 hort03

315 1265 387 1314 Solve
401 1280 495 1312 memor
509 1265 602 1328 Superis
618 1276 686 1310 tanto
703 1278 747 1326 pro
764 1277 862 1310 munere
876 1278 961 1326 grates.

314 1342 347 1394 At
365 1342 382 1393 fi
397 1359 442 1393 nec
460 1339 541 1392 medio
559 1341 616 1390 sons
631 1341 747 1406 obstrepit
760 1340 822 1390 ullus
836 1343 862 1390 in
875 1343 967 1400 horto,
986 1368 989 1374 ·

290 1459 294 1466 .
313 1417 365 1470 Nec
376 1419 459 1484 procul
470 1420 526 1468 hinc
541 1417 594 1467 aliis
599 1420 671 1468 -venit
680 1414 772 1466 advena
781 1420 844 1467 rivus
857 1419 887 1466 ab
897 1420 963 1476 oris3

314 1493 389 1557 Quod
404 1494 504 1562 superest
521 1493 603 1545 Olitor
617 1508 684 1543 tetrae
701 1509 758 1544 cava
773 1496 863 1544 viscera
878 1494 942 1543 serto

313 1574 402 1624 Tentet
419 1577 444 1624 bc
460 1573 569 1622 uberibus
584 1570 743 1636 circumpluet
756 1569 863 1637 undique
878 1575 971 1637 guttisj

313 1649 348 1699 Ac
365 1648 434 1698 mulo
448 1648 554 1699 versante
569 1660 634 1695 rotas
650 1661 692 1710 per
709 1660 794 1696 mutua
808 1662 897 1707 nexas,

313 1723 372 1776 Non
386 1725 453 1776 labor
471 1725 566 1774 estimo
581 1721 662 1772 latices
677 1719 777 1772 educere
795 1721 881 1774 fundo.

290 1829 294 1838 ·
346 1802 384 1854 Ne
400 1805 494 1868 gravior
509 1797 628 1851 fossorum
643 1801 734 1850 animas
748 1817 888 1867 extorqueat
904 1806 960 1862 air,

312 1875 451 1928 Accendant
466 1878 564 1941 pingues
581 1890 654 1939 opera
667 1876 730 1924 inter
746 1877 829 1941 iniqua
846 1875 973 1938 lucernas,

311 1955 344 2007 Et
361 1959 415 2007 vitae
433 1968 561 2014 metuant,
580 1952 636 2003 ctltn
651 1951 746 2018 pestifer
758 1952 846 2005 halitus
863 1958 944 2020 ignem

311 2036 423 2088 Protinus
440 2036 557 2099 extinguit
568 2051 575 2081 s
586 2030 685 2081 diresiss
699 2031 805 2099 undique
820 2036 912 2084 circum

311 2111 351 2163 Ad
367 2113 441 2163 latera
456 2112 573 2176 objiciant
587 2106 699 2167 tabulas3
715 2124 773 2173 quas
791 2108 871 2174 lignea
885 2111 957 2160 vcors

313 2188 429 2240 Sustineat
442 2186 588 2242 transversa3
601 2181 653 2231 solo
672 2181 785 2232 conclusa
802 2187 881 2233 ruenti

313 2268 424 2334 Corpora
440 2282 471 2318 ne
489 2265 548 2317 tristi
563 2261 684 2314 donentur
698 2266 753 2313 viva
766 2262 900 2328 sepulchro.

312 2346 362 2407 Qui
378 2345 475 2397 fodiunt
490 2360 574 2412 puteos
586 2340 711 2393 'sicciffima
728 2357 837 2407 tempora
853 2358 972 2408 quaerant:

311 2416 378 2469 cum
389 2416 470 2468 madet
480 2419 556 2467 imbre
567 2415 663 2475 solum,
673 2414 798 2465 fallacibus
808 2419 892 2465 omnia
903 2416 1003 2483 lymphis

310 2493 375 2542 Rura
389 2509 489 2544 natant:
502 2492 587 2543 dubios
604 2491 669 2541 aestas
682 2493 771 2557 probat
786 2489 852 2542 arida
871 2492 966 2545 sontem

311 2568 336 2617 Sl
352 2581 476 2627 maneant,
502 2570 600 2631 inopem
615 2582 692 2633 neque
710 2567 781 2616 Sirius
797 2568 901 2619 hauserit
916 2567 1015 2627 usion,

309 2642 354 2695 Nil
371 2644 447 2701 tardes
463 2662 532 2696 muro
547 2660 648 2711 puteum
664 2646 746 2697 vestire
763 2662 910 2711 perennem

310 2721 422 2775 Mordsci
440 2724 524 2779 sensim
538 2726 609 2777 tellus
624 2729 691 2778 exesa
708 2727 802 2793 liquore

310 2796 348 2848 Ne
367 2799 448 2862 labet,
466 2806 491 2853 bc
510 2804 613 2855 subitam
627 2801 699 2853 saciat
712 2800 809 2854 mollita
824 2805 929 2855 ruinam.

341 2872 407 2934 Quid
418 2872 485 2942 usage
496 2881 622 2929 conveniat
631 2877 669 2931 vel
680 2874 857 2933 circumducere
870 2892 983 2942 murum,

310 2944 430 2999 Claudere
445 2952 606 3013 struiiilibus‚
623 2956 684 3005 vivis
697 2952 735 3003 vel
751 2954 844 3018 sepibus
857 2955 941 3004 hortos
953 2989 964 3017 ‚
978 2968 982 2973 ’

310 3020 402 3073 Tecum
416 3040 496 3076 mente
509 3030 587 3095 agita:
598 3028 661 3100 sepes
677 3042 804 3091 amenta,
822 3045 935 3097 rapacem
