2359 3975
383 451 566 523 L1nrrr
606 455 709 526 VII.
843 477 906 552 151

177 569 231 624 Nec
249 573 305 623 satis
322 569 355 621 est
371 568 443 622 radiis
459 571 514 622 illos
532 573 647 624 solaribus
664 577 722 633 uri;

179 647 277 712 Ignibus
294 644 411 713 adiiciunt
428 650 517 712 ignes,
536 653 560 698 bt
575 647 652 698 odota
667 648 772 713 legentes

84 755 85 760 =
178 725 263 785 Allia,
279 722 377 774 deliciae
393 725 500 784 mense,
518 724 628 775 Cerealia
645 739 708 774 tetro

178 800 283 852 Munera
300 803 445 865 contingunt
461 801 552 861 succo,
570 801 687 867 friticuque
703 815 831 852 venenant.

211 877 268 927 Post
283 877 383 943 epulas,
401 876 499 944 placido
513 879 641 928 sternentes
656 894 757 943 corpora
774 879 861 928 somno

176 952 256 1006 Melle
273 955 361 1020 super,
378 956 458 1021 vigilie
472 971 582 1022 reperent
598 953 720 1022 dispendia
735 957 832 1014 nostis,

176 1034 237 1084 Non
253 1035 369 1082 immunis
386 1035 451 1082 enim
466 1035 498 1084 est
516 1031 569 1083 duri
586 1050 636 1083 nox
650 1034 701 1098 ipse
717 1031 825 1082 laboris:

176 1107 314 1175 Colligitur
330 1110 412 1174 seges,
429 1113 501 1176 inque
519 1125 601 1176 graves
617 1109 717 1175 religata
732 1109 851 1175 maniplos

175 1187 312 1238 Devehitur
330 1205 422 1248 curru,
441 1191 516 1238 noctis
534 1186 593 1238 dum
612 1188 686 1254 frigus
704 1188 783 1238 arista

174 1265 327 1325 Contrabit,
343 1269 368 1316 in
382 1281 462 1316 tauros
475 1283 551 1333 neque
565 1266 601 1316 sol
615 1269 736 1333 exasperet
748 1267 856 1317 restrum.

208 1343 308 1395 Hordea
319 1347 395 1411 prima
405 1343 509 1404 cadant,
521 1361 573 1411 quae
585 1347 664 1395 semen
675 1348 795 1396 hiantibus
806 1347 870 1396 ultro

173 1421 322 1481 folliculis,
340 1423 413 1470 etiarn
429 1423 495 1470 venti
513 1419 560 1470 line
577 1419 672 1470 flatibus
688 1421 745 1471 ullis

173 1493 312 1559 Projiciunt
328 1511 334 1541 t
352 1491 431 1543 fluide
447 1497 535 1559 pariter
550 1492 671 1544 cedantur
686 1511 785 1544 avenae

173 1571 268 1621 Ordine
285 1586 338 1620 turn
353 1571 422 1620 nullo
439 1572 512 1637 spicas
529 1571 568 1620 vel
583 1573 675 1636 pectine
691 1572 795 1620 summat

173 1649 290 1708 Tollite,
306 1648 344 1698 vel
363 1648 426 1698 ferro
445 1645 531 1697 mullos
548 1648 687 1713 prosternite
704 1647 818 1708 culmos,

172 1726 255 1790 Atque
272 1721 322 1773 dies
338 1727 405 1788 operi
423 1725 550 1789 noblesque
566 1721 681 1781 infinite,
695 1720 784 1770 flavam

172 1803 289 1852 Excutiat
302 1819 365 1851 ceco
381 1815 464 1852 ventus
480 1817 510 1850 ne
528 1803 621 1851 turbine
638 1798 759 1861 meilen,

170 1878 286 1928 Alituum
303 1875 342 1926 vel
359 1892 414 1940 grex
431 1875 497 1940 palsrs
513 1873 647 1934 diverberet
663 1875 714 1925 alit.

203 1955 296 2004 Durius
310 1953 356 2001 heu
370 1951 377 2001 l
393 1953 474 2018 patriis
486 1968 561 2017 nuper
573 1949 632 2019 quid
647 1952 751 2015 contigit
765 1952 826 1999 arvis
838 1967 846 1998 r

169 2026 238 2078 Nam
251 2027 357 2090 segetes,
373 2029 398 2074 δι
412 2024 530 2092 quidquid
542 2042 620 2091 opum
632 2027 740 2075 nutribat
751 2027 836 2089 opimo

168 2103 248 2153 Terre
263 2100 334 2162 finu,
349 2100 440 2167 grando
455 2105 566 2153 immanis
582 2102 727 2168 populavit,
743 2105 767 2151 bt
783 2102 840 2149 anni

168 2179 260 2229 Totius
276 2180 405 2227 immensos
420 2194 468 2228 nox
485 2179 581 2229 abstulit
599 2194 646 2227 una
662 2178 764 2225 labores.

167 2254 260 2305 Tristes
278 2254 419 2320 relliquias,
437 2255 556 2305 frumenta
572 2258 678 2321 jacentia
694 2256 781 2312 terrie,

167 2332 302 2382 Horrentes
322 2331 396 2397 plagis
413 2332 497 2391 oleas,
514 2334 638 2381 horrentia
652 2331 736 2395 paffun

167 2409 276 2461 Excussis
294 2409 385 2457 arbusta
403 2412 501 2468 comis,
520 2407 618 2459 viduata
634 2411 734 2457 racemis

167 2488 202 2538 Et
217 2485 310 2535 multos
325 2488 405 2535 vineta
421 2486 513 2535 malurn
530 2485 614 2536 ileum
629 2503 671 2551 per
687 2501 762 2537 annos

166 2564 201 2615 Et
214 2560 288 2621 vidi,
305 2566 329 2611 bt
343 2560 411 2611 dolui
425 2565 536 2613 miserans
549 2582 557 2623 3
576 2564 662 2614 solatia
676 2580 773 2614 mecum

165 2637 261 2692 Blanda
272 2639 373 2698 fovens,
386 2640 475 2689 tristem
486 2640 570 2707 quod,
583 2659 621 2691 me
632 2642 765 2701 referente,
777 2644 870 2691 ruiuuu

166 2719 303 2783 Accipere,
322 2720 347 2766 bt
365 2731 436 2766 tantae
453 2719 521 2783 poffir
537 2720 671 2769 succurrere
685 2716 771 2777 cladi,

166 2791 302 2845 Lentonide
320 2796 377 2859 juris
397 2793 491 2854 custos,
509 2812 581 2861 quent
599 2795 658 2845 fecit
672 2798 778 2845 amicum

167 2866 240 2917 Musa
255 2868 335 2925 mihi,
350 2868 487 2932 miserisque
501 2883 593 2934 patrem
609 2868 701 2918 Natura
715 2871 812 2918 creavit.

202 2943 279 2993 Triste
284 2940 396 3009 quidem,
403 2944 486 2993 uolirae
493 2942 543 3007 sed,
553 2960 579 2993 ut
585 2961 699 3011 auguror,
707 2944 803 2995 horrida
808 2947 900 3011 grando

165 3021 248 3073 &ulit
265 3019 359 3073 utiliter
373 3018 458 3081 laudi,
479 3035 501 3071 te
518 3019 614 3087 praefide
628 3038 726 3072 rerum:

738 3112 763 3161 G
777 3114 803 3161 iv
