2359 3975
303 459 349 565 ti
449 463 924 592 Pici-nrmlitrrttlcr'⁸
973 518 977 524 ·
1018 583 1033 616 ,v

301 597 350 664 Sub
362 613 416 677 jove
431 607 554 678 frigidulas
570 609 646 676 segnis
658 609 779 663 traducere
794 617 893 667 nollent

301 687 366 740 Raro
383 707 486 758 namque
504 689 563 740 simo
579 693 717 758 pecorisque
733 708 815 758 tepore
830 697 942 748 cubantia
1022 673 1030 763 ¹.

301 765 390 817 Laetior
402 767 451 826 est,
466 763 569 832 qulmii
584 766 659 830 plenis
671 768 756 816 satiata
769 769 891 835 canistris,

303 845 416 895 stercoris
433 845 539 908 ingentes
555 841 625 891 tellus
642 841 751 892 absumat
767 859 874 896 acervos.

336 925 480 974 Praematura
493 937 574 970 tamen
587 924 666 971 nimio
680 919 698 970 sl
716 922 805 988 frigore
822 925 913 976 coelum

301 1001 461 1056 Contristabit
476 1007 552 1052 hiems
565 1021 573 1062 ς
587 1019 658 1068 pecus
674 999 805 1053 indormite
823 1008 912 1071 rigenti

303 1085 362 1137 Non
377 1088 465 1152 patiere
483 1084 536 1133 solo
547 1118 556 1143 ,
567 1099 612 1134 nec
624 1081 730 1133 adustam
744 1087 845 1150 segniter
859 1089 910 1153 ipsa

305 1164 353 1213 Sub
363 1165 417 1212 nive
435 1161 515 1208 rimari
533 1155 616 1222 gelido
633 1156 693 1223 pede
709 1163 823 1223 graminis
839 1163 960 1214 herbam:

304 1235 351 1290 Sed
365 1239 437 1290 viciat
453 1249 494 1283 aut
510 1232 558 1283 vile
574 1229 641 1282 dabis
657 1236 798 1298 praesepibus
815 1252 919 1298 ervum,

302 1317 335 1370 Et
350 1313 446 1366 frondes
462 1313 591 1379 fenumque
604 1330 613 1373 3
628 1329 727 1379 gregem
743 1331 773 1364 ne
788 1328 863 1365 tentet
876 1317 983 1368 ovillum

302 1393 364 1445 Dira
379 1391 453 1442 sames
465 1425 473 1450 ‚
486 1389 621 1454 scabiesque
639 1387 709 1438 famis
724 1405 803 1438 comes
814 1406 915 1456 occupet
929 1408 1006 1447 artua.

304 1473 363 1526 Hac
380 1473 421 1522 ubi
437 1469 570 1536 lanigerum
585 1485 657 1534 pecus
674 1472 773 1535 attigit,
787 1471 870 1520 arbore
885 1471 962 1524 costas

304 1551 434 1618 Impatiens
451 1547 558 1614 deterget
572 1552 644 1608 ovis,
661 1547 699 1600 vel
717 1547 802 1614 scalpit
818 1548 916 1600 aduncis
1014 1548 1025 1571 ”

303 1631 447 1692 Cornibus,
464 1645 505 1682 aut
521 1631 603 1680 morsu
616 1627 677 1679 llexl
690 1631 781 1679 cervice
796 1645 904 1680 cruentat
917 1650 926 1690 ς

305 1709 378 1762 Unde
393 1727 474 1764 eutem
491 1710 539 1761 late
555 1707 637 1760 sundir
651 1711 675 1759 se
690 1710 758 1775 pellit
772 1711 798 1758 in
812 1727 921 1760 omnem.
1021 1709 1025 1716 '

339 1787 394 1836 Post
408 1790 512 1836 hiemem
526 1783 581 1834 edm
597 1783 646 1834 sole
658 1787 725 1834 nives
742 1786 851 1849 petiere,
866 1789 978 1840 revisunt
1016 1822 1021 1828 ·

306 1865 395 1916 Pascua
408 1865 464 1914 laeta
476 1879 557 1929 greges
569 1880 576 1912 a
589 1865 648 1912 aries
666 1861 780 1929 precedit
791 1898 799 1924 ‚
811 1867 837 1913 &
851 1864 897 1916 illo

306 1941 355 1992 Sub
374 1938 434 1992 duce
447 1941 574 2007 gramineis
590 1939 677 1992 hilares
692 1942 822 2008 spatiantur
833 1943 859 1993 in
877 1947 962 2008 agris,

305 2018 485 2087 Duliotentque
499 2022 566 2089 sequi
582 2018 705 2087 gaudent3
717 2022 757 2071 seu
774 2022 869 2087 vespere
884 2023 969 2075 Pastor

304 2097 388 2166 Cogat
405 2118 479 2162 ovet,
496 2099 593 2151 rabidos
609 2098 692 2151 medio
708 2102 749 2149 seu
763 2098 814 2150 sole
829 2117 870 2166 per
885 2103 952 2153 estus

304 2174 448 2243 Compellat
464 2194 535 2244 pecus
548 2180 577 2227 in
595 2176 669 2227 vallet
683 2192 858 2244 nemorumque
874 2176 1022 2243 latebra55‘

304 2253 352 2305 Seu
366 2270 448 2307 tenues
457 2254 557 2323 pedibus
571 2258 635 2308 rivos
652 2272 796 2324 amnemque
811 2257 910 2334 phaselo
1017 2287 1022 2293 ·

306 2334 448 2403 Traiicere,
466 2352 508 2388 aut
521 2332 594 2388 fossas
608 2352 668 2403 opur
678 2336 712 2387 est
727 2337 886 2388 transmittere
903 2337 976 2389 nitu.

304 2410 388 2479 Usque
401 2413 461 2465 adeo
475 2416 507 2467 est
520 2434 577 2483 gent
591 2416 635 2467 illa
651 2412 755 2484 sequax,
766 2431 794 2466 ut
805 2416 838 2467 sic
853 2418 895 2467 ubi
906 2433 977 2469 torto

305 2485 417 2553 Corpore
435 2488 483 2541 dux
500 2495 559 2541 ariet
574 2490 636 2543 saltu
649 2490 820 2552 micernium,
837 2489 931 2543 ibidem

304 2561 435 2617 Subsiliant
449 2582 532 2615 omnes
549 2565 623 2631 plano
636 2565 676 2617 vel
690 2569 718 2615 in
730 2583 825 2633 aequote
840 2583 939 2621 matres.
1016 2557 1022 2568 ’

341 2644 481 2709 Salmaces
491 2660 587 2711 quoque
600 2644 745 2711 impetunt
755 2644 852 2697 dubore
862 2649 905 2698 sub
915 2666 969 2701 uno

308 2718 398 2777 Pascua
408 2736 517 2773 verveces
528 2736 536 2779 3
547 2720 657 2785 gregibus
666 2737 718 2770 non
731 2720 773 2769 ille
785 2719 895 2787 regendis

308 2796 438 2851 Praefieitut
454 2802 511 2867 quia
525 2798 652 2860 nobilior,
666 2802 723 2866 quia
740 2798 829 2851 vellere
840 2799 930 2864 dives,

307 2873 357 2927 Aut
370 2890 438 2926 etate
452 2877 529 2941 gravit
548 2874 669 2941 longoque
684 2875 797 2924 scientior
813 2876 874 2924 usu:

308 2947 356 2999 Sed
372 2949 447 3000 veluti
463 2947 575 2999 dominor
589 2952 652 2998 inter
664 2964 791 3013 rerumque
805 2963 917 3013 potenter

310 3012 397 3064 Evehit
412 3012 443 3064 ad
456 3014 564 3065 summos
582 3012 652 3065 favor
665 3012 812 3063 inconsultus
828 3015 936 3065 honores
943 3031 964 3087 5⁴
1007 3056 1018 3072 „

308 3090 394 3144 Unum
406 3108 454 3161 pre
469 3092 567 3160 reliquit
582 3089 682 3144 Pastoris
696 3093 774 3143 antica
788 3088 903 3145 voluntas

1105 3071 1107 3112 l

1105 3119 1106 3144 t

1105 3227 1106 3236 t

1105 3240 1106 3250 t

1104 3255 1106 3268 s

1104 3351 1105 3362 t
