<?xml version="1.0" encoding="UTF-8"?>
<!DOCTYPE html PUBLIC "-//W3C//DTD XHTML 1.0 Transitional//EN"
    "http://www.w3.org/TR/xhtml1/DTD/xhtml1-transitional.dtd">
<html xmlns="http://www.w3.org/1999/xhtml" xml:lang="en" lang="en">
 <head>
  <title>
</title>
<meta http-equiv="Content-Type" content="text/html;charset=utf-8" />
  <meta name='ocr-system' content='tesseract 3.04.00' />
  <meta name='ocr-capabilities' content='ocr_page ocr_carea ocr_par ocr_line ocrx_word'/>
</head>
<body>
  <div class='ocr_page' id='page_1' title='image "./jacobivanieriip00vanigoog_0249.png"; bbox 0 0 2359 3975; ppageno 0'>
   <div class='ocr_carea' id='block_1_1' title="bbox 285 426 875 514">
    <p class='ocr_par' dir='ltr' id='par_1_1' title="bbox 285 426 875 514">
     <span class='ocr_line' id='line_1_1' title="bbox 285 426 875 514; baseline 0.002 -16"><span class='ocrx_word' id='word_1_1' title='bbox 285 444 357 514; x_wconf 88' lang='lat'>204</span> <span class='ocrx_word' id='word_1_2' title='bbox 419 428 623 496; x_wconf 76' lang='lat' dir='ltr'>Pu‘nnrr</span> <span class='ocrx_word' id='word_1_3' title='bbox 647 426 875 499; x_wconf 49' lang='grc' dir='ltr'>Μέττιον</span> 
     </span>
    </p>
   </div>
   <div class='ocr_carea' id='block_1_2' title="bbox 284 543 907 612">
    <p class='ocr_par' dir='ltr' id='par_1_2' title="bbox 284 543 907 612">
     <span class='ocr_line' id='line_1_2' title="bbox 284 543 907 612; baseline 0 -14"><span class='ocrx_word' id='word_1_4' title='bbox 284 543 423 612; x_wconf 70' lang='lat' dir='ltr'>Greciaque</span> <span class='ocrx_word' id='word_1_5' title='bbox 442 550 467 596; x_wconf 70' lang='grc' dir='ltr'>ὃ(</span> <span class='ocrx_word' id='word_1_6' title='bbox 483 545 677 612; x_wconf 79' lang='lat' dir='ltr'>vaniquondam</span> <span class='ocrx_word' id='word_1_7' title='bbox 694 549 799 596; x_wconf 83' lang='lat' dir='ltr'>cecinere</span> <span class='ocrx_word' id='word_1_8' title='bbox 815 549 907 598; x_wconf 77' lang='lat' dir='ltr'>Poe&#39;tae.</span> 
     </span>
    </p>
   </div>
   <div class='ocr_carea' id='block_1_3' title="bbox 316 619 1080 686">
    <p class='ocr_par' dir='ltr' id='par_1_3' title="bbox 316 619 1080 686">
     <span class='ocr_line' id='line_1_3' title="bbox 316 619 1080 686; baseline 0.004 -16"><span class='ocrx_word' id='word_1_9' title='bbox 316 621 407 686; x_wconf 85' lang='lat' dir='ltr'>Jupiter</span> <span class='ocrx_word' id='word_1_10' title='bbox 417 619 576 686; x_wconf 80' lang='lat' dir='ltr'><strong>anguipedum</strong></span> <span class='ocrx_word' id='word_1_11' title='bbox 588 621 715 686; x_wconf 84' lang='lat' dir='ltr'>postquam</span> <span class='ocrx_word' id='word_1_12' title='bbox 725 625 851 672; x_wconf 83' lang='lat' dir='ltr'>temeraria</span> <span class='ocrx_word' id='word_1_13' title='bbox 863 624 972 677; x_wconf 77' lang='lat' dir='ltr'>fratrum</span> <span class='ocrx_word' id='word_1_14' title='bbox 1075 669 1080 677; x_wconf 87' lang='grc'><em>,</em></span> 
     </span>
    </p>
   </div>
   <div class='ocr_carea' id='block_1_4' title="bbox 284 695 935 998">
    <p class='ocr_par' dir='ltr' id='par_1_4' title="bbox 284 695 935 998">
     <span class='ocr_line' id='line_1_4' title="bbox 284 695 907 762; baseline 0 -12"><span class='ocrx_word' id='word_1_15' title='bbox 284 697 393 750; x_wconf 79' lang='lat' dir='ltr'>Consilia</span> <span class='ocrx_word' id='word_1_16' title='bbox 410 703 435 750; x_wconf 71' lang='lat' dir='ltr'>ut</span> <span class='ocrx_word' id='word_1_17' title='bbox 453 699 548 748; x_wconf 75' lang='lat' dir='ltr'>struuos</span> <span class='ocrx_word' id='word_1_18' title='bbox 565 695 660 762; x_wconf 79' lang='lat' dir='ltr'>disjecit</span> <span class='ocrx_word' id='word_1_19' title='bbox 676 697 776 747; x_wconf 84' lang='lat' dir='ltr'>fulmine</span> <span class='ocrx_word' id='word_1_20' title='bbox 787 715 885 750; x_wconf 74' lang='lat' dir='ltr'>nimiter</span> <span class='ocrx_word' id='word_1_21' title='bbox 899 720 907 760; x_wconf 81' lang='lat'>3</span> 
     </span>
     <span class='ocr_line' id='line_1_5' title="bbox 284 776 913 844; baseline 0 -16"><span class='ocrx_word' id='word_1_22' title='bbox 284 776 410 844; x_wconf 77' lang='lat' dir='ltr'>Phlegraeis</span> <span class='ocrx_word' id='word_1_23' title='bbox 426 780 547 842; x_wconf 79' lang='lat' dir='ltr'>resupinus</span> <span class='ocrx_word' id='word_1_24' title='bbox 562 781 625 843; x_wconf 85' lang='lat' dir='ltr'>agris</span> <span class='ocrx_word' id='word_1_25' title='bbox 639 795 680 843; x_wconf 82' lang='lat' dir='ltr'>per</span> <span class='ocrx_word' id='word_1_26' title='bbox 694 781 808 844; x_wconf 82' lang='lat' dir='ltr'>quinque.</span> <span class='ocrx_word' id='word_1_27' title='bbox 817 782 913 844; x_wconf 77' lang='lat' dir='ltr'>jactitat</span> 
     </span>
     <span class='ocr_line' id='line_1_6' title="bbox 284 854 922 920; baseline 0.003 -16"><span class='ocrx_word' id='word_1_28' title='bbox 284 855 370 920; x_wconf 77' lang='lat' dir='ltr'>iugera</span> <span class='ocrx_word' id='word_1_29' title='bbox 385 858 532 907; x_wconf 83' lang='lat' dir='ltr'>centimanus</span> <span class='ocrx_word' id='word_1_30' title='bbox 548 854 676 913; x_wconf 65' lang='lat' dir='ltr'>Briaretua</span> <span class='ocrx_word' id='word_1_31' title='bbox 691 859 732 920; x_wconf 86' lang='lat' dir='ltr'>qui</span> <span class='ocrx_word' id='word_1_32' title='bbox 745 857 855 906; x_wconf 80' lang='lat' dir='ltr'>oonscius</span> <span class='ocrx_word' id='word_1_33' title='bbox 872 857 922 907; x_wconf 77' lang='lat' dir='ltr'>rufi</span> 
     </span>
     <span class='ocr_line' id='line_1_7' title="bbox 284 930 935 998; baseline 0.006 -16"><span class='ocrx_word' id='word_1_34' title='bbox 284 933 423 998; x_wconf 83' lang='lat' dir='ltr'>Supponens</span> <span class='ocrx_word' id='word_1_35' title='bbox 437 935 547 984; x_wconf 82' lang='lat' dir='ltr'>humeros</span> <span class='ocrx_word' id='word_1_36' title='bbox 561 935 683 982; x_wconf 74' lang='lat' dir='ltr'>nitentem</span> <span class='ocrx_word' id='word_1_37' title='bbox 694 930 726 981; x_wconf 83' lang='lat' dir='ltr'>ad</span> <span class='ocrx_word' id='word_1_38' title='bbox 741 930 817 982; x_wconf 84' lang='lat' dir='ltr'>lidera</span> <span class='ocrx_word' id='word_1_39' title='bbox 832 933 935 986; x_wconf 78' lang='lat' dir='ltr'>fratrem</span> 
     </span>
    </p>
   </div>
   <div class='ocr_carea' id='block_1_5' title="bbox 96 1004 859 1075">
    <p class='ocr_par' dir='ltr' id='par_1_5' title="bbox 96 1004 859 1075">
     <span class='ocr_line' id='line_1_8' title="bbox 96 1004 859 1075; baseline -0.004 -18"><span class='ocrx_word' id='word_1_40' title='bbox 96 1011 98 1015; x_wconf 55' lang='lat'><strong><em>⁴</em></strong></span> <span class='ocrx_word' id='word_1_41' title='bbox 196 1071 197 1075; x_wconf 10' lang='grc' dir='ltr'><strong>Ἰ</strong></span> <span class='ocrx_word' id='word_1_42' title='bbox 283 1007 378 1058; x_wconf 80' lang='lat' dir='ltr'>iuverat</span> <span class='ocrx_word' id='word_1_43' title='bbox 394 1005 546 1068; x_wconf 74' lang='lat' dir='ltr'>Enceladus,</span> <span class='ocrx_word' id='word_1_44' title='bbox 565 1007 667 1070; x_wconf 85' lang='lat' dir='ltr'>repetito</span> <span class='ocrx_word' id='word_1_45' title='bbox 683 1004 791 1056; x_wconf 78' lang='lat' dir='ltr'>fulminis</span> <span class='ocrx_word' id='word_1_46' title='bbox 809 1008 859 1056; x_wconf 64' lang='lat' dir='ltr'>iliu</span> 
     </span>
    </p>
   </div>
   <div class='ocr_carea' id='block_1_6' title="bbox 274 1085 1004 3082">
    <p class='ocr_par' dir='ltr' id='par_1_6' title="bbox 274 1085 1004 3082">
     <span class='ocr_line' id='line_1_9' title="bbox 284 1085 970 1148; baseline 0.003 -14"><span class='ocrx_word' id='word_1_47' title='bbox 284 1086 373 1134; x_wconf 79' lang='lat' dir='ltr'>Stratus</span> <span class='ocrx_word' id='word_1_48' title='bbox 387 1087 472 1145; x_wconf 85' lang='lat' dir='ltr'>humi,</span> <span class='ocrx_word' id='word_1_49' title='bbox 488 1087 558 1148; x_wconf 82' lang='lat' dir='ltr'>nigro</span> <span class='ocrx_word' id='word_1_50' title='bbox 566 1099 669 1148; x_wconf 76' lang='lat' dir='ltr'>‚quoque</span> <span class='ocrx_word' id='word_1_51' title='bbox 685 1085 786 1134; x_wconf 76' lang='lat' dir='ltr'>tinxerat</span> <span class='ocrx_word' id='word_1_52' title='bbox 800 1099 857 1135; x_wconf 86' lang='lat' dir='ltr'>arva</span> <span class='ocrx_word' id='word_1_53' title='bbox 871 1101 970 1136; x_wconf 87' lang='lat' dir='ltr'>cruore.</span> 
     </span>
     <span class='ocr_line' id='line_1_10' title="bbox 316 1161 996 1227; baseline 0.003 -17"><span class='ocrx_word' id='word_1_54' title='bbox 316 1162 392 1212; x_wconf 85' lang='lat' dir='ltr'>Terra</span> <span class='ocrx_word' id='word_1_55' title='bbox 405 1164 451 1210; x_wconf 80' lang='lat' dir='ltr'>sure</span> <span class='ocrx_word' id='word_1_56' title='bbox 466 1162 541 1227; x_wconf 74' lang='lat' dir='ltr'>prolis</span> <span class='ocrx_word' id='word_1_57' title='bbox 555 1162 644 1212; x_wconf 79' lang='lat' dir='ltr'>sortem</span> <span class='ocrx_word' id='word_1_58' title='bbox 659 1161 789 1220; x_wconf 79' lang='lat' dir='ltr'>miserata,</span> <span class='ocrx_word' id='word_1_59' title='bbox 804 1161 949 1215; x_wconf 69' lang='lat' dir='ltr'>Tonantem</span> <span class='ocrx_word' id='word_1_60' title='bbox 988 1171 996 1179; x_wconf 83' lang='grc'><em>“</em></span> 
     </span>
     <span class='ocr_line' id='line_1_11' title="bbox 284 1235 997 1301; baseline -0.001 -15"><span class='ocrx_word' id='word_1_61' title='bbox 284 1237 343 1286; x_wconf 87' lang='lat' dir='ltr'>Orat</span> <span class='ocrx_word' id='word_1_62' title='bbox 358 1252 385 1286; x_wconf 94' lang='lat' dir='ltr'>ut</span> <span class='ocrx_word' id='word_1_63' title='bbox 401 1235 500 1288; x_wconf 73' lang='lat' dir='ltr'>arborei</span> <span class='ocrx_word' id='word_1_64' title='bbox 515 1237 557 1286; x_wconf 86' lang='lat' dir='ltr'>sub</span> <span class='ocrx_word' id='word_1_65' title='bbox 572 1239 677 1301; x_wconf 81' lang='lat' dir='ltr'>imagine</span> <span class='ocrx_word' id='word_1_66' title='bbox 692 1238 769 1285; x_wconf 79' lang='lat' dir='ltr'>tutius</span> <span class='ocrx_word' id='word_1_67' title='bbox 781 1236 898 1290; x_wconf 84' lang='lat' dir='ltr'>alendam</span> <span class='ocrx_word' id='word_1_68' title='bbox 993 1247 997 1252; x_wconf 83' lang='grc'>·</span> 
     </span>
     <span class='ocr_line' id='line_1_12' title="bbox 282 1311 903 1379; baseline 0 -15"><span class='ocrx_word' id='word_1_69' title='bbox 282 1315 499 1379; x_wconf 73' lang='lat' dir='ltr'>Accipiat-gremio</span> <span class='ocrx_word' id='word_1_70' title='bbox 517 1312 648 1373; x_wconf 77' lang='lat' dir='ltr'>sobolem,</span> <span class='ocrx_word' id='word_1_71' title='bbox 665 1327 720 1377; x_wconf 82' lang='lat' dir='ltr'>quae</span> <span class='ocrx_word' id='word_1_72' title='bbox 734 1311 829 1362; x_wconf 79' lang='lat' dir='ltr'>reddita</span> <span class='ocrx_word' id='word_1_73' title='bbox 844 1319 903 1367; x_wconf 82' lang='lat' dir='ltr'>vitae</span> 
     </span>
     <span class='ocr_line' id='line_1_13' title="bbox 283 1394 903 1460; baseline 0.002 -16"><span class='ocrx_word' id='word_1_74' title='bbox 283 1395 373 1446; x_wconf 77' lang='lat' dir='ltr'>Serviat</span> <span class='ocrx_word' id='word_1_75' title='bbox 388 1397 495 1445; x_wconf 82' lang='lat' dir='ltr'>humano</span> <span class='ocrx_word' id='word_1_76' title='bbox 513 1397 593 1460; x_wconf 85' lang='lat' dir='ltr'>generi</span> <span class='ocrx_word' id='word_1_77' title='bbox 605 1429 614 1454; x_wconf 87' lang='lat'>‚</span> <span class='ocrx_word' id='word_1_78' title='bbox 624 1409 675 1444; x_wconf 76' lang='lat' dir='ltr'>,nec</span> <span class='ocrx_word' id='word_1_79' title='bbox 688 1395 766 1442; x_wconf 79' lang='lat' dir='ltr'>rursus</span> <span class='ocrx_word' id='word_1_80' title='bbox 781 1397 808 1442; x_wconf 90' lang='lat' dir='ltr'>in</span> <span class='ocrx_word' id='word_1_81' title='bbox 822 1394 903 1446; x_wconf 85' lang='lat' dir='ltr'>altum</span> 
     </span>
     <span class='ocr_line' id='line_1_14' title="bbox 283 1470 1004 1538; baseline 0 -16"><span class='ocrx_word' id='word_1_82' title='bbox 283 1472 374 1534; x_wconf 75' lang='lat' dir='ltr'>Poffir,</span> <span class='ocrx_word' id='word_1_83' title='bbox 389 1474 465 1524; x_wconf 77' lang='lat' dir='ltr'>bunio</span> <span class='ocrx_word' id='word_1_84' title='bbox 480 1470 558 1524; x_wconf 80' lang='lat' dir='ltr'>defixa</span> <span class='ocrx_word' id='word_1_85' title='bbox 571 1471 660 1538; x_wconf 79' lang='lat' dir='ltr'>pedet,</span> <span class='ocrx_word' id='word_1_86' title='bbox 674 1473 699 1520; x_wconf 93' lang='lat' dir='ltr'>se</span> <span class='ocrx_word' id='word_1_87' title='bbox 715 1471 799 1521; x_wconf 87' lang='lat' dir='ltr'>tollere</span> <span class='ocrx_word' id='word_1_88' title='bbox 813 1473 919 1528; x_wconf 80' lang='lat' dir='ltr'>coeltun.</span> <span class='ocrx_word' id='word_1_89' title='bbox 999 1521 1004 1531; x_wconf 37' lang='grc' dir='ltr'><em>Ι</em></span> 
     </span>
     <span class='ocr_line' id='line_1_15' title="bbox 282 1547 918 1618; baseline 0 -18"><span class='ocrx_word' id='word_1_90' title='bbox 282 1551 395 1606; x_wconf 77' lang='lat' dir='ltr'>Protinus</span> <span class='ocrx_word' id='word_1_91' title='bbox 410 1547 524 1604; x_wconf 81' lang='lat' dir='ltr'>Enceladi</span> <span class='ocrx_word' id='word_1_92' title='bbox 539 1551 575 1602; x_wconf 83' lang='lat' dir='ltr'>de·</span> <span class='ocrx_word' id='word_1_93' title='bbox 584 1554 802 1618; x_wconf 70' lang='lat' dir='ltr'>corpore&#39;uar‘citur</span> <span class='ocrx_word' id='word_1_94' title='bbox 815 1551 918 1601; x_wconf 78' lang='lat' dir='ltr'>ulmus:</span> 
     </span>
     <span class='ocr_line' id='line_1_16' title="bbox 282 1625 867 1694; baseline 0.002 -17"><span class='ocrx_word' id='word_1_95' title='bbox 282 1626 346 1694; x_wconf 87' lang='lat' dir='ltr'>Figit</span> <span class='ocrx_word' id='word_1_96' title='bbox 360 1631 418 1692; x_wconf 85' lang='lat' dir='ltr'>agr&#39;o</span> <span class='ocrx_word' id='word_1_97' title='bbox 432 1627 523 1693; x_wconf 83' lang='lat' dir='ltr'>plautas</span> <span class='ocrx_word' id='word_1_98' title='bbox 536 1629 665 1678; x_wconf 75' lang='lat' dir='ltr'>Briareure</span> <span class='ocrx_word' id='word_1_99' title='bbox 681 1625 787 1692; x_wconf 84' lang='lat' dir='ltr'>rugolior</span> <span class='ocrx_word' id='word_1_100' title='bbox 802 1632 867 1678; x_wconf 74' lang='lat' dir='ltr'>‘artua</span> 
     </span>
     <span class='ocr_line' id='line_1_17' title="bbox 282 1703 940 1772; baseline -0.002 -16"><span class='ocrx_word' id='word_1_101' title='bbox 282 1703 400 1771; x_wconf 84' lang='lat' dir='ltr'>Contegit</span> <span class='ocrx_word' id='word_1_102' title='bbox 414 1706 523 1758; x_wconf 88' lang='lat' dir='ltr'>elumbos</span> <span class='ocrx_word' id='word_1_103' title='bbox 538 1722 619 1756; x_wconf 82' lang='lat' dir='ltr'>cortex</span> <span class='ocrx_word' id='word_1_104' title='bbox 634 1720 717 1772; x_wconf 84' lang='lat' dir='ltr'>:quot</span> <span class='ocrx_word' id='word_1_105' title='bbox 733 1706 829 1754; x_wconf 82' lang='lat' dir='ltr'>brathia</span> <span class='ocrx_word' id='word_1_106' title='bbox 844 1705 940 1756; x_wconf 84' lang='lat' dir='ltr'>bellum</span> 
     </span>
     <span class='ocr_line' id='line_1_18' title="bbox 282 1781 979 1848; baseline 0.001 -16"><span class='ocrx_word' id='word_1_107' title='bbox 282 1782 434 1842; x_wconf 74' lang='lat' dir='ltr'>intulerant,</span> <span class='ocrx_word' id='word_1_108' title='bbox 451 1782 553 1833; x_wconf 87' lang='lat' dir='ltr'>totidem</span> <span class='ocrx_word' id='word_1_109' title='bbox 570 1797 656 1848; x_wconf 86' lang='lat' dir='ltr'>repunt</span> <span class='ocrx_word' id='word_1_110' title='bbox 672 1785 808 1839; x_wconf 77' lang='lat' dir='ltr'>sarment23</span> <span class='ocrx_word' id='word_1_111' title='bbox 822 1781 932 1847; x_wconf 71' lang='lat' dir='ltr'>jugalem</span> <span class='ocrx_word' id='word_1_112' title='bbox 975 1809 979 1816; x_wconf 94' lang='lat'>·</span> 
     </span>
     <span class='ocr_line' id='line_1_19' title="bbox 281 1859 990 1927; baseline 0.008 -21"><span class='ocrx_word' id='word_1_113' title='bbox 281 1859 355 1918; x_wconf 83' lang='lat' dir='ltr'>Queu</span> <span class='ocrx_word' id='word_1_114' title='bbox 368 1859 442 1912; x_wconf 88' lang='lat' dir='ltr'>veluti</span> <span class='ocrx_word' id='word_1_115' title='bbox 454 1863 562 1911; x_wconf 81' lang='lat' dir='ltr'>manibus</span> <span class='ocrx_word' id='word_1_116' title='bbox 574 1863 688 1927; x_wconf 70' lang='lat' dir='ltr'>stdngens</span> <span class='ocrx_word' id='word_1_117' title='bbox 701 1860 852 1926; x_wconf 73' lang='lat' dir='ltr'>amplestitur</span> <span class='ocrx_word' id='word_1_118' title='bbox 867 1860 965 1912; x_wconf 87' lang='lat' dir='ltr'>ulmum</span> <span class='ocrx_word' id='word_1_119' title='bbox 974 1895 990 1923; x_wconf 80' lang='lat'>,</span> 
     </span>
     <span class='ocr_line' id='line_1_20' title="bbox 281 1939 916 2010; baseline -0.006 -18"><span class='ocrx_word' id='word_1_120' title='bbox 281 1941 433 2010; x_wconf 85' lang='lat' dir='ltr'>Erigiturque</span> <span class='ocrx_word' id='word_1_121' title='bbox 449 1942 500 1993; x_wconf 89' lang='lat' dir='ltr'>solo</span> <span class='ocrx_word' id='word_1_122' title='bbox 513 1960 521 2002; x_wconf 77' lang='lat'>3</span> <span class='ocrx_word' id='word_1_123' title='bbox 537 1943 678 2008; x_wconf 77' lang='lat' dir='ltr'>ramosaque</span> <span class='ocrx_word' id='word_1_124' title='bbox 694 1939 790 1989; x_wconf 82' lang='lat' dir='ltr'>brachia</span> <span class='ocrx_word' id='word_1_125' title='bbox 805 1941 916 2005; x_wconf 65' lang='lat' dir='ltr'>lauans,</span> 
     </span>
     <span class='ocr_line' id='line_1_21' title="bbox 282 2014 921 2087; baseline -0.011 -16"><span class='ocrx_word' id='word_1_126' title='bbox 282 2019 353 2071; x_wconf 90' lang='lat' dir='ltr'>Nunc</span> <span class='ocrx_word' id='word_1_127' title='bbox 368 2036 464 2087; x_wconf 91' lang='lat' dir='ltr'>quoque</span> <span class='ocrx_word' id='word_1_128' title='bbox 483 2017 581 2069; x_wconf 83' lang='lat' dir='ltr'>sidereas</span> <span class='ocrx_word' id='word_1_129' title='bbox 599 2017 693 2068; x_wconf 74' lang='lat' dir='ltr'>affestat</span> <span class='ocrx_word' id='word_1_130' title='bbox 706 2020 777 2068; x_wconf 77' lang='lat' dir='ltr'>vinea</span> <span class='ocrx_word' id='word_1_131' title='bbox 793 2014 880 2077; x_wconf 79' lang='lat' dir='ltr'>seder,</span> <span class='ocrx_word' id='word_1_132' title='bbox 917 2036 921 2043; x_wconf 90' lang='lat'><em>·</em></span> 
     </span>
     <span class='ocr_line' id='line_1_22' title="bbox 281 2092 905 2166; baseline -0.01 -17"><span class='ocrx_word' id='word_1_133' title='bbox 281 2098 361 2166; x_wconf 78' lang='lat' dir='ltr'>Atque</span> <span class='ocrx_word' id='word_1_134' title='bbox 376 2098 500 2163; x_wconf 71' lang='lat' dir='ltr'>Giganteo</span> <span class='ocrx_word' id='word_1_135' title='bbox 514 2095 543 2147; x_wconf 89' lang='lat' dir='ltr'>de</span> <span class='ocrx_word' id='word_1_136' title='bbox 560 2098 672 2161; x_wconf 82' lang='lat' dir='ltr'>sanguine</span> <span class='ocrx_word' id='word_1_137' title='bbox 686 2110 763 2154; x_wconf 82' lang='lat' dir='ltr'>nata,</span> <span class='ocrx_word' id='word_1_138' title='bbox 781 2092 905 2159; x_wconf 82' lang='lat' dir='ltr'>liquorem</span> 
     </span>
     <span class='ocr_line' id='line_1_23' title="bbox 281 2165 898 2243; baseline -0.006 -17"><span class='ocrx_word' id='word_1_139' title='bbox 281 2176 441 2243; x_wconf 83' lang='lat' dir='ltr'>Sanguineum</span> <span class='ocrx_word' id='word_1_140' title='bbox 459 2165 558 2233; x_wconf 79' lang='lat' dir='ltr'>lundit3</span> <span class='ocrx_word' id='word_1_141' title='bbox 573 2187 689 2238; x_wconf 85' lang='lat' dir='ltr'>motoque</span> <span class='ocrx_word' id='word_1_142' title='bbox 704 2166 814 2221; x_wconf 76' lang='lat' dir='ltr'>lacell&#39;ere</span> <span class='ocrx_word' id='word_1_143' title='bbox 829 2170 898 2231; x_wconf 84' lang='lat' dir='ltr'>bello</span> 
     </span>
     <span class='ocr_line' id='line_1_24' title="bbox 281 2247 891 2321; baseline -0.011 -18"><span class='ocrx_word' id='word_1_144' title='bbox 281 2254 305 2303; x_wconf 84' lang='lat' dir='ltr'>Si</span> <span class='ocrx_word' id='word_1_145' title='bbox 321 2269 423 2321; x_wconf 88' lang='lat' dir='ltr'>nequeat</span> <span class='ocrx_word' id='word_1_146' title='bbox 440 2254 559 2317; x_wconf 84' lang='lat' dir='ltr'>Superos,</span> <span class='ocrx_word' id='word_1_147' title='bbox 576 2251 668 2319; x_wconf 77' lang='lat' dir='ltr'>cyatlris</span> <span class='ocrx_word' id='word_1_148' title='bbox 686 2247 799 2299; x_wconf 80' lang='lat' dir='ltr'>mortalia</span> <span class='ocrx_word' id='word_1_149' title='bbox 812 2248 891 2312; x_wconf 79' lang='lat' dir='ltr'>plenis</span> 
     </span>
     <span class='ocr_line' id='line_1_25' title="bbox 281 2326 969 2401; baseline -0.009 -15"><span class='ocrx_word' id='word_1_150' title='bbox 281 2334 393 2401; x_wconf 84' lang='lat' dir='ltr'>Corpora</span> <span class='ocrx_word' id='word_1_151' title='bbox 405 2336 486 2385; x_wconf 82' lang='lat' dir='ltr'>sternit</span> <span class='ocrx_word' id='word_1_152' title='bbox 499 2333 566 2382; x_wconf 90' lang='lat' dir='ltr'>humi</span> <span class='ocrx_word' id='word_1_153' title='bbox 583 2349 588 2378; x_wconf 92' lang='lat'><strong>:</strong></span> <span class='ocrx_word' id='word_1_154' title='bbox 604 2345 662 2396; x_wconf 82' lang='lat' dir='ltr'>ques</span> <span class='ocrx_word' id='word_1_155' title='bbox 676 2328 786 2387; x_wconf 74' lang='lat' dir='ltr'>forern,</span> <span class='ocrx_word' id='word_1_156' title='bbox 800 2326 869 2377; x_wconf 83' lang='lat' dir='ltr'>addit</span> <span class='ocrx_word' id='word_1_157' title='bbox 880 2332 969 2381; x_wconf 77' lang='lat' dir='ltr'>inanes</span> 
     </span>
     <span class='ocr_line' id='line_1_26' title="bbox 280 2404 990 2478; baseline -0.015 -16"><span class='ocrx_word' id='word_1_158' title='bbox 280 2415 336 2478; x_wconf 83' lang='lat' dir='ltr'>Spes</span> <span class='ocrx_word' id='word_1_159' title='bbox 353 2414 457 2471; x_wconf 58' lang='lat' dir='ltr'>animis3</span> <span class='ocrx_word' id='word_1_160' title='bbox 474 2410 582 2477; x_wconf 86' lang='lat' dir='ltr'>ipsosque</span> <span class='ocrx_word' id='word_1_161' title='bbox 597 2405 668 2456; x_wconf 84' lang='lat' dir='ltr'>doctr</span> <span class='ocrx_word' id='word_1_162' title='bbox 679 2420 832 2455; x_wconf 87' lang='lat' dir='ltr'>contemnere</span> <span class='ocrx_word' id='word_1_163' title='bbox 847 2404 936 2456; x_wconf 78' lang='lat' dir='ltr'>Divos,</span> <span class='ocrx_word' id='word_1_164' title='bbox 984 2444 990 2451; x_wconf 94' lang='lat'><em>.</em></span> 
     </span>
     <span class='ocr_line' id='line_1_27' title="bbox 280 2479 965 2549; baseline -0.006 -11"><span class='ocrx_word' id='word_1_165' title='bbox 280 2486 346 2538; x_wconf 79' lang='lat' dir='ltr'>Cum</span> <span class='ocrx_word' id='word_1_166' title='bbox 365 2502 453 2545; x_wconf 88' lang='lat' dir='ltr'>tonat,</span> <span class='ocrx_word' id='word_1_167' title='bbox 471 2490 593 2549; x_wconf 78' lang='lat' dir='ltr'>expertum</span> <span class='ocrx_word' id='word_1_168' title='bbox 609 2480 689 2532; x_wconf 82' lang='lat' dir='ltr'>media</span> <span class='ocrx_word' id='word_1_169' title='bbox 704 2484 766 2531; x_wconf 88' lang='lat' dir='ltr'>iuter</span> <span class='ocrx_word' id='word_1_170' title='bbox 783 2479 851 2531; x_wconf 86' lang='lat' dir='ltr'>dolia</span> <span class='ocrx_word' id='word_1_171' title='bbox 867 2480 965 2534; x_wconf 79' lang='lat' dir='ltr'>fulmen</span> 
     </span>
     <span class='ocr_line' id='line_1_28' title="bbox 279 2556 968 2624; baseline -0.009 -10"><span class='ocrx_word' id='word_1_172' title='bbox 279 2564 368 2614; x_wconf 86' lang='lat' dir='ltr'>Horret</span> <span class='ocrx_word' id='word_1_173' title='bbox 384 2561 481 2621; x_wconf 85' lang='lat' dir='ltr'>adhuc,</span> <span class='ocrx_word' id='word_1_174' title='bbox 500 2574 625 2624; x_wconf 84' lang='lat' dir='ltr'>mutatque</span> <span class='ocrx_word' id='word_1_175' title='bbox 643 2573 709 2606; x_wconf 86' lang='lat' dir='ltr'>meru</span> <span class='ocrx_word' id='word_1_176' title='bbox 725 2556 830 2623; x_wconf 84' lang='lat' dir='ltr'>pallente</span> <span class='ocrx_word' id='word_1_177' title='bbox 847 2558 968 2611; x_wconf 82' lang='lat' dir='ltr'>colorem.</span> 
     </span>
     <span class='ocr_line' id='line_1_29' title="bbox 279 2630 865 2699; baseline -0.009 -14"><span class='ocrx_word' id='word_1_178' title='bbox 279 2633 328 2696; x_wconf 87' lang='lat' dir='ltr'>Qui</span> <span class='ocrx_word' id='word_1_179' title='bbox 347 2634 389 2684; x_wconf 88' lang='lat' dir='ltr'>tali</span> <span class='ocrx_word' id='word_1_180' title='bbox 403 2648 501 2699; x_wconf 87' lang='lat' dir='ltr'>potuere</span> <span class='ocrx_word' id='word_1_181' title='bbox 520 2633 579 2680; x_wconf 79' lang='lat' dir='ltr'>satae</span> <span class='ocrx_word' id='word_1_182' title='bbox 596 2633 626 2680; x_wconf 84' lang='lat' dir='ltr'>ab</span> <span class='ocrx_word' id='word_1_183' title='bbox 643 2631 736 2696; x_wconf 81' lang='lat' dir='ltr'>uligine</span> <span class='ocrx_word' id='word_1_184' title='bbox 751 2630 844 2695; x_wconf 79' lang='lat' dir='ltr'>plantas</span> <span class='ocrx_word' id='word_1_185' title='bbox 862 2690 865 2693; x_wconf 16' lang='lat'><strong>⁴</strong></span> 
     </span>
     <span class='ocr_line' id='line_1_30' title="bbox 278 2704 947 2779; baseline 0 -17"><span class='ocrx_word' id='word_1_186' title='bbox 278 2712 377 2779; x_wconf 79' lang='lat' dir='ltr'>Fingere</span> <span class='ocrx_word' id='word_1_187' title='bbox 389 2744 397 2773; x_wconf 90' lang='lat'>,</span> <span class='ocrx_word' id='word_1_188' title='bbox 416 2706 476 2776; x_wconf 89' lang='lat' dir='ltr'>quid</span> <span class='ocrx_word' id='word_1_189' title='bbox 486 2711 574 2757; x_wconf 88' lang='lat' dir='ltr'>mirum</span> <span class='ocrx_word' id='word_1_190' title='bbox 585 2722 648 2757; x_wconf 78' lang='lat' dir='ltr'>noua</span> <span class='ocrx_word' id='word_1_191' title='bbox 658 2723 700 2773; x_wconf 82' lang='lat' dir='ltr'>per</span> <span class='ocrx_word' id='word_1_192' title='bbox 710 2704 836 2757; x_wconf 81' lang='lat' dir='ltr'>mendacia</span> <span class='ocrx_word' id='word_1_193' title='bbox 846 2710 947 2762; x_wconf 69' lang='lat' dir='ltr'>Grecos</span> 
     </span>
     <span class='ocr_line' id='line_1_31' title="bbox 277 2776 835 2853; baseline -0.016 -15"><span class='ocrx_word' id='word_1_194' title='bbox 277 2786 298 2836; x_wconf 81' lang='lat' dir='ltr'>A</span> <span class='ocrx_word' id='word_1_195' title='bbox 314 2788 407 2853; x_wconf 73' lang='lat' dir='ltr'>Superis</span> <span class='ocrx_word' id='word_1_196' title='bbox 422 2778 512 2834; x_wconf 83' lang='lat' dir='ltr'>duxill&#39;e</span> <span class='ocrx_word' id='word_1_197' title='bbox 528 2784 574 2830; x_wconf 76' lang='lat' dir='ltr'>sua</span> <span class='ocrx_word' id='word_1_198' title='bbox 589 2776 720 2845; x_wconf 84' lang='lat' dir='ltr'>primordia</span> <span class='ocrx_word' id='word_1_199' title='bbox 736 2782 835 2843; x_wconf 69' lang='lat' dir='ltr'>gentis?</span> 
     </span>
     <span class='ocr_line' id='line_1_32' title="bbox 308 2857 987 2921; baseline -0.012 -7"><span class='ocrx_word' id='word_1_200' title='bbox 308 2864 404 2914; x_wconf 84' lang='lat' dir='ltr'>Viribus</span> <span class='ocrx_word' id='word_1_201' title='bbox 417 2878 465 2914; x_wconf 86' lang='lat' dir='ltr'>uua</span> <span class='ocrx_word' id='word_1_202' title='bbox 478 2858 534 2909; x_wconf 72' lang='lat' dir='ltr'>licit</span> <span class='ocrx_word' id='word_1_203' title='bbox 548 2859 655 2921; x_wconf 85' lang='lat' dir='ltr'>species,</span> <span class='ocrx_word' id='word_1_204' title='bbox 675 2872 725 2905; x_wconf 89' lang='lat' dir='ltr'>non</span> <span class='ocrx_word' id='word_1_205' title='bbox 740 2857 810 2904; x_wconf 81' lang='lat' dir='ltr'>unios</span> <span class='ocrx_word' id='word_1_206' title='bbox 823 2872 913 2907; x_wconf 73' lang='lat' dir='ltr'>omnes</span> <span class='ocrx_word' id='word_1_207' title='bbox 984 2881 987 2888; x_wconf 91' lang='lat'>·</span> 
     </span>
     <span class='ocr_line' id='line_1_33' title="bbox 274 2927 892 3001; baseline -0.01 -13"><span class='ocrx_word' id='word_1_208' title='bbox 274 2937 299 2988; x_wconf 76' lang='lat' dir='ltr'>‚V</span> <span class='ocrx_word' id='word_1_209' title='bbox 300 2941 339 2987; x_wconf 90' lang='lat' dir='ltr'>ina</span> <span class='ocrx_word' id='word_1_210' title='bbox 354 2936 446 2988; x_wconf 87' lang='lat' dir='ltr'>dabunt</span> <span class='ocrx_word' id='word_1_211' title='bbox 460 2937 530 3001; x_wconf 88' lang='lat' dir='ltr'>pretii</span> <span class='ocrx_word' id='word_1_212' title='bbox 548 2952 553 2981; x_wconf 94' lang='lat'><strong>:</strong></span> <span class='ocrx_word' id='word_1_213' title='bbox 572 2931 658 2981; x_wconf 89' lang='lat' dir='ltr'>melior</span> <span class='ocrx_word' id='word_1_214' title='bbox 673 2927 703 2980; x_wconf 88' lang='lat' dir='ltr'>de</span> <span class='ocrx_word' id='word_1_215' title='bbox 717 2934 766 2980; x_wconf 83' lang='lat' dir='ltr'>vite</span> <span class='ocrx_word' id='word_1_216' title='bbox 781 2929 892 2995; x_wconf 79' lang='lat' dir='ltr'>pedara,</span> 
     </span>
     <span class='ocr_line' id='line_1_34' title="bbox 276 3005 907 3082; baseline 0 -19"><span class='ocrx_word' id='word_1_217' title='bbox 276 3014 332 3077; x_wconf 77' lang='lat' dir='ltr'>Qud</span> <span class='ocrx_word' id='word_1_218' title='bbox 347 3018 458 3082; x_wconf 81' lang='lat' dir='ltr'>propiore</span> <span class='ocrx_word' id='word_1_219' title='bbox 472 3010 524 3063; x_wconf 88' lang='lat' dir='ltr'>solo</span> <span class='ocrx_word' id='word_1_220' title='bbox 540 3010 643 3069; x_wconf 83' lang='lat' dir='ltr'>fruitur,</span> <span class='ocrx_word' id='word_1_221' title='bbox 658 3005 781 3061; x_wconf 77' lang='lat' dir='ltr'>vindemia</span> <span class='ocrx_word' id='word_1_222' title='bbox 796 3007 907 3074; x_wconf 73' lang='lat' dir='ltr'>pendete</span> 
     </span>
    </p>
   </div>
   <div class='ocr_carea' id='block_1_7' title="bbox 0 0 1184 3975">
    <p class='ocr_par' dir='ltr' id='par_1_7' title="bbox 0 0 1184 3975">
     <span class='ocr_line' id='line_1_35' title="bbox 0 0 1184 3975; baseline 0 2"><span class='ocrx_word' id='word_1_223' title='bbox 0 0 1184 3975; x_wconf 95' lang='lat' dir='ltr'> </span> 
     </span>
    </p>
   </div>
  </div>
 </body>
</html>
