2359 3975
316 455 560 575 ’ἱιΒεκ
600 503 694 572 XV.
819 518 887 597 305

85 620 86 675 l
163 618 246 672 Turba
260 623 360 687 procax!
373 622 414 671 list
426 620 493 689 quod
512 625 598 671 tenerit
616 622 747 686 ignoscitur
763 623 846 678 annin

160 700 238 751 Nulla
252 698 291 749 sed
306 704 331 749 in
347 701 423 750 Divos
441 714 495 749 aetat
512 699 559 749 line
574 702 675 749 crimine
689 712 781 765 peccat.

161 778 206 829 Eia
221 782 302 844 agite,
319 782 343 827 δι
358 778 442 827 nostrae
459 778 591 825 monstrum
606 776 673 843 quod
685 779 771 826 serviat
782 778 841 835 irae,

162 852 298 903 Monstrum
309 854 416 901 immane
426 886 434 909 ‚
445 850 511 899 ferox
520 882 528 909 ‚
537 853 620 899 vicino
631 847 741 899 accersite
752 850 840 897 Ponto.

162 924 251 985 Dixit,
267 929 292 974 δι
307 924 405 975 Oceano
417 924 481 971 votis
499 921 632 971 famulante
646 925 778 982 Sororum,

161 1000 287 1051 Terribilis
302 1001 355 1051 visu
371 998 442 1049 facies
456 1002 557 1063 emergit
571 1000 601 1047 ab
616 997 695 1048 undis.

160 1077 303 1142 Prospexere
317 1072 404 1133 limul3
420 1072 488 1123 simul
503 1077 667 1135 intremuere,
682 1073 813 1141 fugamque

160 1153 297 1203 Tentarunt
313 1153 399 1217 pueri-5
417 1148 457 1199 sed
472 1152 533 1199 intra
549 1148 695 1215 fugientibus
708 1149 779 1199 instat

83 1232 84 1247 ³
135 1258 137 1265 ‹
162 1231 863 1297 Membraliganstimorzexanimesstemunturthumlqu‘·

96 1309 102 1319 '
162 1308 292 1359 Prostrator
310 1309 402 1368 laniat,
418 1310 512 1374 seseque
527 1311 553 1357 in
570 1306 671 1357 flumina
687 1308 821 1358 monstrum

155 1386 282 1449 -Projicit3
296 1398 323 1432 ac
340 1382 399 1431 tristi
414 1397 521 1431 rorantes
539 1384 652 1446 sanguine
669 1380 767 1441 fauces,

163 1460 278 1524 Quassans
294 1477 362 1527 turpe
376 1478 468 1527 caput,
483 1461 619 1510 fluvialibus
634 1461 712 1510 abluit
727 1460 806 1510 undis·

196 1533 345 1585 Horrendam
360 1534 481 1600 Nympha
492 1532 586 1583 cladem
597 1535 747 1599 gemitusque
763 1532 892 1583 cadentum

162 1610 293 1663 Audierant
303 1628 311 1671 ς
323 1613 415 1677 irasque
429 1610 507 1675 placet
521 1611 604 1659 satiare
613 1607 735 1670 ¹videndo.

163 1695 289 1744 Foemineo
307 1690 367 1759 quid
381 1708 431 1741 non
451 1688 548 1757 poliunt
564 1696 590 1741 in
607 1690 679 1742 corde
693 1695 821 1757 juventus,

82 1782 83 1811 i
164 1771 196 1821 Et
210 1769 301 1830 decor,
319 1773 345 1819 ln
359 1773 437 1835 pueris
451 1774 524 1819 etiam
539 1770 593 1835 post
604 1769 655 1819 fata
667 1770 795 1834 superstes,

82 1856 83 1863 ’
164 1848 248 1910 Qualia
261 1849 321 1899 inest
337 1836 412 1908 flori,
428 1852 470 1915 qui
484 1847 541 1897 culm
555 1850 657 1897 succisus
672 1861 751 1897 aratro
767 1847 817 1906 est,

163 1928 264 1978 Pulcher
277 1926 373 1990 adhuc,
389 1927 516 1993 languente
532 1924 590 1976 licdt
602 1929 708 1986 cervice,
720 1926 855 1975 recumbit?

198 2003 305 2056 Credula
315 2021 351 2054 res
362 2021 429 2054 amor
440 2005 472 2054 est
482 2025 489 2054 ι
501 2007 605 2070 spedant
617 2006 674 2054 hinc
684 2002 741 2055 inde
750 2019 861 2054 cruorem

164 2078 294 2139 Effusum,
313 2095 340 2128 ac
355 2083 451 2144 juvenes
465 2079 561 2144 sparsim
575 2079 661 2129 tellure
676 2085 796 2145 jacentes,
826 2111 830 2115 ‚

163 2157 197 2208 Et
212 2157 324 2207 dubitant
339 2173 415 2206 metui
431 2172 461 2206 an
480 2175 544 2208 mors
561 2160 667 2208 litaverit
677 2179 684 2206 t
696 2159 770 2207 altera
782 2157 854 2207 molli

151 2233 255 2282 *Tentat
270 2230 343 2281 corda
359 2247 453 2292 manu,
466 2231 595 2297 digitisque
609 2231 714 2281 recludit
728 2233 835 2281 ocellosa

163 2308 245 2360 Altera
260 2311 287 2357 in
302 2307 412 2357 extremit
426 2323 533 2374 querens
549 2323 609 2358 num
625 2309 688 2359 sorte
704 2309 796 2363 labellis

164 2384 261 2434 Halitus
277 2381 453 2449 erretadltuc‚v
469 2399 497 2433 os
512 2383 620 2434 molliter
636 2385 810 2449 applicaturi,

165 2459 254 2510 Oscula
270 2472 399 2523 preteriens
413 2461 516 2522 pietatet
528 2457 569 2510 sed
584 2461 653 2510 irrita
667 2461 743 2508 stram

165 2537 232 2589 Cura
248 2538 348 2601 requirit
365 2550 452 2599 opem:
466 2551 523 2584 nam
538 2551 599 2600 quos
615 2537 641 2584 in
655 2534 738 2584 littore
750 2537 846 2586 versant
886 2549 889 2554 ·

165 2612 243 2677 Impia
257 2627 322 2660 mors
338 2609 419 2660 ariimd
432 2609 683 2676 gelidotspoliaterat
697 2624 780 2669 artua3

164 2690 265 2753 Jamque
281 2689 414 2738 tenebrosas
432 2688 510 2738 fauces
525 2687 661 2738 inamabilis
673 2688 732 2737 Orci

165 2765 262 2816 Flebilis
280 2764 363 2813 umbra
381 2779 482 2824 tenent,
499 2768 571 2814 crucia
583 2764 855 2829 implacatacliarontir

82 2873 83 2884 r
166 2844 264 2894 Pectora
280 2855 345 2904 pane
363 2856 445 2890 movet
462 2842 570 2906 precibus
586 2839 691 2906 fletuque
707 2839 806 2892 decoro.

200 2918 289 2969 Tristia
304 2914 408 2969 Naiadet
424 2919 539 2967 miserate
555 2915 604 2966 fata
616 2921 760 2985 jacentum,

82 2979 83 2982 ¹
167 2996 271 3048 Oraiere
286 2991 353 3047 Dect
360 3025 370 3055 ‚
385 3005 412 3044 ut
426 2994 493 3049 vivut
512 2994 539 3044 in
551 2993 600 3042 ima
614 2986 700 3042 rediret
765 3039 775 3046 ,
