2359 3975
301 501 369 588 ιι),
430 496 630 566 Pnnnrr
656 491 879 562 Rusrrcr

295 607 344 672 Aut
358 625 426 669 e'nata
440 631 523 682 parum
538 606 760 663 fauste'suceefferit
775 608 863 669 arbor,

294 698 357 750 lnsta
372 695 439 754 aliis3
452 697 476 744 δι
495 707 573 761 quare
589 695 665 756 magis
679 693 718 738 cui
734 685 867 738 commoda
881 686 955 739 tellus

294 774 327 824 Et
339 774 429 824 crelum
445 771 556 830 faveant,
570 769 645 836 quim
660 783 713 835 quae
727 767 766 817 vel
781 765 857 817 divite
868 765 948 816 fruelu

295 853 410 906 Nobilior
423 850 505 909 foret,
521 864 562 898 aut
575 845 647 898 viridi
661 841 788 911 speciostor
805 843 901 893 umbri.

295 933 385 982 siccior
402 931 427 976 δι
445 923 530 993 tepidis
544 928 630 974 humus
645 922 732 972 ilustris
748 937 824 986 prona
843 923 952 987 saporem

295 1002 460 1056 Commendat
468 1041 477 1066 ,
488 1003 580 1053 molem
596 1003 737 1068 praep‘mguis
754 1002 780 1049 δι
794 998 895 1049 humida
908 999 991 1050 tellus.

294 1077 354 1131 Inde
366 1095 431 1149 petes
443 1081 545 1134 fructum
560 1078 656 1147 qualem
670 1079 781 1127 struiitrta
792 1079 894 1143 requirit

295 1155 465 1222 Pyramidum,
473 1175 525 1228 que
535 1177 585 1210 non
593 1159 740 1209 stomachum
751 1154 792 1208 sed
802 1157 895 1207 lumina
904 1159 1007 1224 pascunt
1016 1175 1025 1218 3

293 1235 326 1286 Et
336 1239 422 1304 quibus
436 1255 462 1289 ut
476 1241 542 1305 pieiis
556 1237 644 1306 gaudet
661 1239 762 1289 conviva
779 1236 881 1287 tabellis.

326 1312 429 1379 Eligitur
445 1319 523 1381 pomis
540 1332 595 1382 ager
610 1330 759 1382 opportunus
775 1311 883 1373 alendis,

294 1387 344 1439 Cui
357 1388 448 1440 Natura
464 1393 556 1457 magis,
567 1393 630 1440 rivus
648 1389 722 1459 quim
740 1386 834 1440 dniiilit
848 1400 946 1455 equum
1023 1421 1028 1428 ·

294 1464 386 1517 Sufficit
400 1469 544 1518 humorem:
557 1468 611 1518 lota
624 1483 667 1517 nee
681 1481 797 1517 montana
812 1468 939 1526 recusant,

293 1540 345 1592 Nec
356 1546 471 1610 graciles,
480 1543 556 1596 modi
568 1546 667 1612 lympha
677 1541 740 1594 sttim
750 1545 887 1609 compescat
895 1576 904 1603 ‚
911 1557 1005 1594 menas.

291 1621 406 1672 Attamen
422 1639 448 1674 ut
463 1626 529 1690 pomi
542 1623 629 1674 fretum
640 1622 692 1672 sola
704 1623 802 1687 pinguia
812 1618 890 1687 vulgi

293 1695 443 1765 Degenerem
454 1705 568 1767 pariunt,
583 1702 742 1767 hebetantque
757 1701 846 1765 saporis
860 1715 981 1759 acumenp

294 1776 333 1824 Sic
351 1778 391 1825 ubi
406 1776 466 1827 licea
482 1781 553 1827 nimis
569 1776 639 1826 tellus
654 1779 718 1836 erit,
733 1777 817 1826 arbore
831 1776 913 1842 paliim

293 1847 425 1903 immatura
439 1853 542 1914 cadent,
555 1858 580 1904 δι
596 1855 717 1903 vermibus
733 1853 810 1904 obfita
823 1854 896 1905 mala.

292 1928 400 1980 Herbida
415 1935 561 1982 conveniunt
577 1936 656 1999 pomis
670 1948 766 1999 quoque
782 1944 849 1997 prata
865 1931 987 1985 serendis:

293 2007 382 2059 Pomus
399 2012 463 2059 enim
476 2008 512 2071 ,fi
529 2026 586 2060 nata
603 2012 648 2059 suis
662 2008 735 2059 semel
749 2010 842 2059 laeserit
854 2012 934 2072 arvis,

291 2084 410 2151 Agricolae
424 2102 474 2137 non
488 2103 555 2138 curat
566 2104 659 2153 opem3
676 2084 725 2137 line
738 2088 842 2137 vomeris
857 2089 899 2137 usu

291 2158 410 2212 Parturiet
423 2162 527 2225 fruitus,
542 2180 603 2231 quos
619 2163 718 2213 mollior
729 2164 802 2213 herba
814 2162 918 2217 cadutoa

291 2236 387 2307 Excipit
404 2242 527 2303 innocua,
544 2256 618 2293 vento
634 2245 777 2309 quatiente,
792 2241 868 2291 ruini.

325 2318 394 2370 Ficus
408 2335 473 2369 amat
485 2320 565 2381 soles,
582 2336 626 2369 nec
642 2321 727 2385 apertis
745 2317 849 2369 creditur
864 2322 947 2385 agris,

291 2395 411 2462 frigidior
425 2397 472 2463 qui
491 2398 558 2447 saevit
575 2399 652 2446 hiems
666 2398 781 2461 regione3
798 2394 839 2467 ,std
850 2401 915 2446 umis

292 2472 428 2523 Grandibus
440 2472 576 2539 impositam
589 2507 598 2531 ‚
609 2470 695 2521 brumi
709 2470 840 2535 redeunte,
854 2478 986 2538 quotannis

293 2552 404 2599 Securam
421 2552 463 2598 sub
478 2552 538 2598 teila
553 2549 649 2608 ferunt,
665 2548 775 2617 coeloque
786 2547 921 2609 redonant,

292 2626 378 2679 Mollis
391 2628 431 2675 ubi
446 2627 546 2676 Boream
561 2625 678 2689 Zephirus
694 2626 778 2691 procul
791 2628 840 2691 egit
854 2625 885 2676 ad
894 2630 988 2679 Aenos.

293 2702 346 2755 Not
359 2719 439 2754 autem
453 2703 526 2755 ficum
540 2700 626 2753 mediis
641 2703 679 2753 vel
696 2701 807 2768 ponimus
825 2706 899 2754 hortis
907 2742 916 2766 ,

292 2781 342 2833 Aut
356 2782 458 2833 humiles
475 2784 537 2833 inter
551 2782 612 2830 vites
628 2778 741 2846 nudoque
755 2782 865 2847 jubemus

293 2862 342 2911 Sub
357 2862 415 2912 Jove
430 2858 489 2910 dura
503 2861 552 2925 pati
568 2857 682 2907 brumalis
699 2856 788 2921 frigora
804 2856 894 2907 Cautlt

292 2936 445 3005 Quanquam
463 2936 564 2987 confisos
580 2938 683 2985 nimium
696 2932 815 2999 deceperit
831 2950 901 2985 atrox

293 3010 377 3078 Nuper
390 3014 484 3071 hiems3
500 3014 525 3061 ει
539 3008 598 3061 licus
612 3024 669 3075 agro
685 3004 799 3058 defecerit
813 3010 917 3069 omnir,
