2359 3975
306 501 359 594 '72
440 497 641 570 Pannrr
669 482 891 572 Rusrrcr
970 474 971 477 Ὺ

305 619 364 670 Tres
380 623 481 668 numero
493 617 605 678 tantum,
621 632 647 668 at
661 616 789 669 Medicina
803 622 878 670 totius
889 618 971 672 instat.

305 695 451 747 incumbunt
466 694 553 745 alacres
568 697 655 760 operi,
670 699 819 762 propriaeque
835 696 916 748 salutis

305 771 461 821 Immemores
471 787 560 836 ,·aegro
577 788 651 838 quam
667 775 714 822 civi
729 771 789 822 ferre
806 777 898 825 recusat

306 851 374 904 Civis
386 865 475 917 opem,
490 863 594 916 natoque
609 865 693 915 pater,
709 853 854 902 certantibus
867 852 933 904 ultro

304 932 372 984 Dant
386 927 484 988 studiis,
500 945 543 979 nec
556 932 612 981 vira
625 927 700 979 modis
716 929 756 980 sed
769 948 866 982 mortua
878 936 982 989 uastant

305 1007 416 1058 Membra
428 1020 500 1056 manu
511 1039 519 1064 ,
535 1005 661 1070 causasque
677 1003 724 1053 luis
736 1006 885 1069 scrutantur,
897 1012 921 1057 δι
937 1010 989 1074 ipsi

305 1085 400 1139 Cetrius
414 1082 529 1132 auxilium
542 1085 603 1133 vivis
617 1086 644 1133 in
661 1097 740 1133 morte
757 1090 889 1152 requirunt.

336 1167 448 1233 Expertes
464 1163 544 1229 sparsae
559 1163 584 1210 in
597 1161 683 1228 vulgus
697 1162 854 1225 formidinis,
869 1182 945 1232 aegros
961 1233 963 1236 .

304 1243 368 1294 inter
380 1239 516 1292 anhelantes
530 1237 636 1303 pestem,
655 1236 734 1287 mintis
748 1256 789 1288 ore
805 1237 894 1289 diserto

303 1321 386 1385 Quam
400 1319 466 1372 fartis
479 1313 609 1382 spernenda
622 1313 711 1365 docent
725 1321 836 1386 contagia
851 1322 950 1369 morbi:

303 1401 360 1463 Quo
375 1393 446 1445 semei
461 1408 488 1441 ex
502 1393 586 1440 animis
600 1387 699 1456 dempto
715 1406 823 1454 terrore,
837 1409 933 1444 cavetur

301 1473 421 1538 Praecipiti
435 1485 465 1517 ne
479 1465 547 1533 plura
558 1463 636 1518 ,fames
649 1463 691 1514 det
705 1482 805 1532 corpora
820 1462 905 1527 letho,

303 1551 384 1616 Quam
400 1545 445 1595 iuis
460 1542 568 1592 absumat
581 1555 632 1588 non
646 1537 824 1590 immedicabile
838 1545 912 1591 virus.

336 1629 403 1691 Quos
417 1619 517 1674 minimi
531 1621 587 1669 reris
602 1633 674 1669 tantae
688 1623 782 1685 pietatis
797 1637 925 1683 amantes,

303 1708 386 1777 spreti
401 1701 471 1756 classe
485 1702 563 1752 Duces
577 1717 683 1760 venere,
696 1703 807 1768 necisque
821 1702 956 1752 ministram

303 1793 368 1842 lnter
382 1785 446 1836 beila
460 1797 559 1832 manum
572 1782 628 1829 vitae
643 1777 771 1831 admovite
786 1778 900 1840 tuendae,

301 1869 414 1921 Afflatam
429 1876 505 1926 neque
518 1855 580 1923 peste
594 1861 669 1923 magis
684 1862 804 1921 timuere,
820 1874 943 1910 cruentam

235 2006 236 2010 Ἰ
301 1945 384 2009 Quint
397 1945 461 2009 prius
476 1941 616 1989 horruerant
626 1936 706 1990 media
717 1942 780 1990 inter
790 1938 871 2007 prelia
882 1953 998 1989 mortem·

334 2026 392 2091 ipsc
407 2020 488 2080 adeo,
504 2017 560 2069 ciim
575 2018 644 2085 pessis
662 2035 713 2070 crat
727 2025 868 2081 teterrima,
883 2020 976 2069 Matres

300 2102 394 2155 Naturi
407 2098 519 2159 timidae,
537 2098 611 2149 fortes
626 2102 732 2164 pietate,
751 2100 816 2152 viriii

298 2180 396 2230 Perkote
410 2192 460 2225 non
476 2172 564 2239 sponsis
573 2172 653 2224 solum
668 2177 794 2241 natisque,
813 2172 854 2227 sed
863 2175 931 2237 aegris

299 2254 418 2305 Omnibus
429 2248 549 2307 astantes,
565 2248 652 2298 molles
666 2250 789 2299 servilibus
804 2247 892 2299 audent

298 2326 391 2380 Officiis
404 2323 497 2375 dextras
510 2320 642 2382 adbibere,
659 2340 704 2373 nec
719 2324 798 2375 ulcera
812 2326 864 2373 visu

297 2404 402 2458 Horrida
417 2404 526 2454 fomento
539 2416 651 2453 metuunt
665 2420 745 2453 curate
760 2403 856 2455 salubri.

330 2484 426 2535 Fecerat
441 2481 485 2527 hos
500 2481 592 2527 animos
606 2480 663 2528 vita
676 2483 717 2544 qui
733 2478 818 2545 presul
831 2482 855 2527 bc
870 2481 922 2531 auri

297 2556 433 2621 Prodigus,
449 2549 540 2601 assiduis
554 2554 644 2600 animas
660 2554 685 2601 δι
701 2569 803 2622 corpora
816 2555 878 2603 curis

298 2631 431 2687 Sustinuit,
447 2638 550 2687 mortem
565 2627 628 2677 visus
645 2626 735 2677 calcare
749 2642 910 2695 merumque,

297 2706 420 2775 intrepido
433 2702 520 2756 vadens
535 2722 576 2771 per
588 2706 659 2755 strata
673 2704 788 2758 cadavera
802 2704 876 2773 passu.

329 2788 347 2839 F
349 2788 439 2842 luxerat
452 2784 514 2834 unde
530 2784 579 2835 iuer
591 2821 600 2847 ,
614 2787 670 2835 hinc
681 2790 706 2836 &
717 2788 830 2852 generosa
841 2804 882 2852 per
891 2789 961 2838 urber

296 2864 420 2913 finitimas
436 2860 482 2909 late
498 2875 598 2910 manant
614 2861 723 2926 exempla
736 2879 744 2920 3
760 2864 884 2929 sacrosque

296 2937 377 2989 Gallia
392 2934 520 2985 Pontifices
537 2934 627 3001 stupuit
639 2939 733 3001 pietatis
750 2941 819 2989 avitae

294 3009 394 3063 AEmuIa
410 3026 453 3073 pro
469 3007 563 3075 populis
580 3026 701 3075 opponere
716 3014 811 3076 pesiora
825 3012 912 3073 letho,
1013 3042 1017 3047 -

296 3089 374 3153 Atque
386 3082 444 3131 aiios
459 3082 575 3148 quantum
586 3087 677 3134 meritis
693 3090 718 3134 δι
732 3088 823 3137 honore
835 3089 959 3138 Ministros

295 3166 456 3233 Exsuperant,
473 3160 565 3214 tanturn
578 3178 718 3233 contemptu
730 3169 827 3221 uincere
836 3171 932 3219 mortis.

970 3234 1024 3286 iior
