2359 3975
356 479 566 552 errnrr
607 481 708 551 Vll.
827 501 889 581 ¹53

166 600 255 662 Adsit,
274 605 299 652 δι
315 603 426 654 humanit
443 602 515 652 saciat
530 606 676 653 commercia
689 605 762 652 votis.

167 682 235 735 Hanc
252 684 313 731 olim
332 697 406 740 tuus,
422 680 438 730 ὂ
456 680 570 739 Lodoix,
589 681 700 730 felicibus
714 684 787 730 armis

167 757 307 824 lustitiaique
325 774 391 822 pater
407 759 527 816 celebris,
547 755 587 806 sed
605 758 674 822 stirpe
688 757 770 806 relicta

167 834 284 894 Clarior,
301 833 375 884 edixit
391 833 469 882 lucem
488 836 600 892 servare,
619 832 707 882 tuenda

167 909 320 976 Christipata
335 908 392 960 dans
409 913 521 974 [ωριτες
538 912 571 973 pii
587 925 631 956 nec
647 912 728 958 inania
744 910 814 974 Regia

167 987 233 1036 Vota
249 985 358 1046 docent,
377 1003 429 1052 quae
443 987 521 1034 Matre
536 985 582 1034 Dei
598 989 659 1050 geris
674 987 766 1051 auspice
778 986 862 1044 bella,

167 1057 282 1124 Quosque
300 1061 475 1122 triumphorum
490 1058 577 1106 fruslus
589 1057 695 1109 extendit
709 1063 736 1108 in
747 1076 845 1118 eruor,

168 1133 298 1186 llereticas
315 1137 429 1198 abigens,
447 1133 543 1184 cladum
559 1135 623 1186 mala
639 1137 749 1196 semina,
765 1137 848 1202 pestes.

174 1214 176 1218 '
201 1212 265 1277 Ergo
284 1210 334 1260 <liet
352 1213 392 1260 ubi
409 1211 478 1261 fellus
493 1211 577 1272 adest,
595 1211 742 1278 splendentia
757 1215 861 1279 primunr

169 1289 271 1355 Templa
287 1305 386 1354 gravent
403 1290 488 1354 opibus
502 1293 576 1354 pagii
596 1293 708 1356 plebisque
724 1307 829 1342 recentes

169 1367 329 1422 Accumulent
344 1369 389 1417 aris
406 1365 484 1414 flores.
502 1366 552 1415 Vos
569 1366 632 1426 illa,
651 1368 760 1430 Puellae,

169 1444 234 1496 Cura
250 1460 334 1496 manet
350 1463 356 1492 r
374 1447 466 1494 niteant
479 1444 559 1494 vestris
575 1444 659 1494 ‘altaria
674 1443 754 1496 donis.

170 1521 254 1589 Tuque
269 1525 400 1588 juventutis
413 1523 544 1584 Princeps,
563 1524 605 1586 qui
619 1522 716 1587 publica
729 1528 790 1573 ruris

169 1599 282 1660 Gaudia,
301 1603 345 1665 qui
360 1602 457 1648 choreas
472 1596 602 1647 moderaris
615 1615 623 1656 ς
641 1600 705 1648 sacra
718 1599 831 1652 Sacerdos

169 1677 236 1736 Dum
253 1691 370 1742 peraget,
388 1693 445 1726 cave
458 1692 489 1724 ne
505 1674 593 1730 lituum
608 1675 721 1740 clangore
737 1683 838 1726 moreris

169 1755 385 1806 Effusam-circum
399 1759 465 1807 vicos
484 1759 508 1804 &
527 1758 634 1819 compita
650 1756 752 1820 plebem.

170 1829 228 1881 Liba
244 1831 343 1890 serens,
362 1834 448 1880 sanetas
464 1819 568 1893 cytharis
584 1833 755 1881 comitantibus
770 1830 832 1882 eder

169 1907 304 1964 Matutinus
322 1906 382 1965 adi,
401 1911 426 1956 δι
444 1905 512 1956 donis
529 1909 683 1974 precibusque
699 1926 822 1960 memento

169 1987 238 2037 Sacra
253 2002 342 2037 vovere
359 1983 413 2035 Deo
430 1983 491 2033 feste
504 1983 636 2050 primordia
651 1987 721 2041 lutis·
785 1986 788 1990 ’

171 2060 309 2113 Coelituum
322 2078 394 2113 voces
410 2064 492 2121 inter,
510 2066 551 2127 qui
567 2052 663 2113 carmen
678 2070 768 2117 amavit

170 2142 287 2193 Pastorale
303 2141 388 2199 Deus,
404 2143 483 2205 tuguri
499 2142 541 2189 sub
558 2146 663 2205 tegmine
677 2147 794 2205 nascens,
881 2137 884 2143 ’

170 2220 275 2283 Agrestes
293 2218 359 2267 cttlo
377 2234 427 2265 non
443 2214 584 2280 dedignatur
603 2220 632 2265 ab
651 2219 702 2267 alto

170 2297 202 2349 Et
219 2314 325 2356 cantus,
343 2300 367 2345 ὃ(
385 2299 464 2361 juncia
480 2295 533 2345 rudi
550 2301 713 2361 placamina
727 2314 811 2347 nervo.

203 2377 324 2427 Plurimus
339 2378 430 2423 interea
444 2377 529 2423 vicinis
546 2376 630 2438 hospes
644 2376 674 2422 ab
691 2377 739 2422 oris

172 2452 283 2505 Confluit
295 2470 301 2499 ε
315 2464 439 2515 apponunt
449 2450 524 2513 epulis
536 2466 684 2515 portumque
698 2450 852 2509 bimestrem,

173 2530 203 2581 Et
219 2533 348 2596 leporem,
367 2532 392 2577 δι
408 2528 507 2592 pullos,
526 2531 550 2576 &
565 2532 647 2593 pingui
663 2533 714 2594 jure
728 2545 853 2581 natantum

175 2609 218 2657 Par
233 2622 353 2663 anatum,
370 2621 413 2653 nec
431 2604 494 2653 abest
511 2606 575 2669 prelii
595 2606 659 2655 bona
675 2610 744 2672 copie
762 2606 846 2656 laalst

173 2686 204 2737 Et
219 2686 330 2751 quamvis
349 2680 452 2729 hilarent
469 2682 547 2730 multo
564 2686 675 2731 convivia
691 2684 805 2741 Baccho,

175 2764 229 2825 Qub
248 2763 358 2825 strepitus
377 2772 477 2816 tamen,
497 2763 521 2806 bc
539 2757 626 2807 fidibus
644 2761 732 2808 sociata
748 2764 840 2807 canoris
908 2787 911 2792 ·

176 2846 304 2905 Tympana
319 2836 400 2901 plausa
414 2848 523 2893 vocant,
540 2833 625 2883 mensis
639 2838 707 2897 juvat
718 2837 751 2881 ire
767 2835 874 2895 relislis,

174 2912 205 2963 Et
222 2915 303 2980 posito
321 2926 412 2962 cratere
427 2911 489 2959 leves
506 2913 595 2975 agitare
611 2912 717 2959 choreas.

207 2991 302 3041 Ordine
317 3006 382 3040 nunc
399 2990 472 3054 longo
489 2990 597 3037 manibus
611 3006 653 3053 per
668 3004 752 3039 mutua
767 2996 832 3042 nexis

168 3064 343 3119 circumeunt
359 3069 463 3126 vicum,
480 3063 559 3117 media
574 3080 638 3116 nunc
656 3066 731 3118 sistere
747 3070 853 3135 gandent

208 3170 215 3181 ·
761 3158 782 3207 G
798 3173 815 3207 v
