2359 3975
224 827 467 914 LIBER
515 760 809 923 N‘ONUs.

482 1019 566 1086 orus.

149 1125 342 1246 Potionis
359 1193 401 1247 alii
417 1197 552 1252 redolentes
568 1197 669 1251 floribus
683 1198 770 1248 hortos

148 1271 299 1336 Principibus
313 1273 417 1323 cecinere
435 1279 491 1326 viris
502 1295 510 1337 3
523 1293 568 1343 ego
584 1276 670 1326 rustica
684 1278 783 1326 traiianr

147 1347 261 1408 Praedia,
275 1345 359 1398 divino
375 1350 498 1416 quondam
515 1352 632 1403 meditata
646 1353 761 1414 Maroni,

147 1427 244 1476 Tenuia
258 1422 351 1474 difficili
367 1428 511 1492 complectar
528 1429 643 1478 oluscula
660 1431 737 1480 versu.

183 1503 334 1553 Lamoniana
350 1496 409 1552 sues
423 1503 517 1554 fleuens
533 1522 575 1570 per
590 1519 699 1570 tempora
713 1505 801 1569 flores,

147 1580 203 1630 Jam
221 1578 279 1627 tulit
293 1579 420 1628 hortorum
435 1583 526 1645 primos
543 1581 649 1645 Rapinus
665 1582 777 1645 bonores.

147 1658 188 1707 Tu
203 1673 276 1722 quem
292 1655 421 1705 Lamonius
437 1658 497 1722 Regi
514 1657 657 1723 populisque
668 1657 767 1725 reliquit

146 1732 262 1783 Nominis
277 1729 395 1782 heredem
409 1737 558 1798 meritique,
575 1735 708 1785 virentibus
721 1739 798 1787 hortis

146 1808 218 1860 Adde
231 1825 323 1860 novum
334 1809 422 1872 decus,
435 1823 507 1878 atque
519 1814 567 1878 apii
578 1829 636 1862 cum
651 1815 766 1866 bacchate
780 1821 851 1869 cottis

148 1885 307 1949 frondibus,
320 1887 432 1954 agrestem
447 1891 519 1954 capiti
535 1891 626 1956 patiare
644 1907 767 1943 coronam.

145 1966 172 2017 Si
185 1967 274 2032 speilas
289 1963 438 2032 mollemque
454 1967 533 2017 rosam
552 1970 577 2018 bc
596 1968 687 2019 sacrata
704 1970 800 2024 Parenti

146 2046 230 2106 Lilia,
250 2043 350 2095 leuuca
366 2048 391 2094 bc
406 2048 475 2096 humi
487 2049 608 2097 nascentia
618 2048 687 2113 fraga'

145 2120 270 2187 Despicies
280 2137 286 2171 ι
298 2133 324 2169 at
340 2118 400 2170 inest
417 2120 478 2169 oleri
493 2122 534 2171 sua
549 2124 636 2187 cuique
651 2122 782 2188 voluptas5

145 2198 178 2250 Er
190 2199 270 2265 placer
285 2200 337 2264 ipsa
353 2198 396 2249 fibi
412 2216 490 2250 rerum
505 2200 598 2250 Natura
614 2204 735 2262 creatrix,

87 2278 90 2285 “
146 2278 195 2327 Seu
211 2276 276 2340 pluo
293 2274 399 2325 formosa
415 2290 491 2325 noros
506 2278 532 2324 in
549 2273 609 2323 flore
624 2273 718 2325 colores

147 2349 266 2410 Miscuit,
280 2350 404 2398 horrenses
421 2350 460 2397 seu
477 2348 579 2414 protulit
594 2347 661 2398 utilis
676 2349 769 2399 herbar.

178 2426 286 2478 Delicias
304 2431 330 2477 bc
345 2430 405 2477 ruris
420 2443 477 2493 opes
495 2430 537 2493 qui
553 2441 670 2492 preparat
684 2428 781 2478 bortum
789 2462 801 2491 ,

147 2504 212 2556 Arra
226 2503 304 2556 domo
320 2508 400 2557 vicina
415 2505 498 2555 colat:
511 2504 540 2555 iit
554 2502 699 2555 commodus
713 2511 769 2568 air,

149 2584 250 2649 Pinguis
266 2585 370 2645 humus,
385 2581 508 2649 facilisque
518 2602 525 2631 ι
535 2581 594 2632 fimo
613 2581 705 2632 telluris
720 2584 809 2651 inique

149 2657 290 2723 Corrigitur
305 2660 413 2717 vitium,
428 2655 469 2707 sed
482 2655 657 2707 inemendabile
670 2659 761 2709 celum
775 2660 820 2709 eii.

149 2737 228 2786 Prona
245 2752 288 2802 per
300 2734 391 2785 areolas
406 2750 467 2800 aqua
482 2733 627 2785 derivabitur
642 2751 747 2794 omneis

151 2812 204 2863 Nec
221 2813 309 2863 Boreae
327 2810 416 2876 affliget
434 2810 508 2870 olus,
526 2808 543 2857 ri
559 2808 623 2857 colle
641 2809 685 2857 sub
699 2810 751 2859 alto

150 2889 261 2939 Molliter
276 2886 309 2939 ad
324 2885 417 2953 tepidos
435 2902 490 2953 ager
505 2884 660 2935 inclinabitur
677 2886 775 2936 austros.

104 2996 109 3003 ·
149 2967 223 3019 Nuda
237 2967 267 3018 iit
285 2966 407 3017 arboribus
424 2965 493 3014 tellus
503 2984 509 3014 r
520 2963 672 3014 vernantibus
689 2966 770 3016 herbis

93 3096 97 3101 .
151 3046 204 3100 Una
218 3048 352 3101 laborantis
366 3062 417 3098 non
430 3044 507 3097 officit
525 3044 612 3095 umbra
624 3043 715 3094 coloni.
