2359 3975
370 442 558 514 Lturst
597 447 666 516 VI.
739 477 742 482 ·
816 469 890 544 ¹33

151 561 286 617 Arboribus
302 559 389 626 lullum
404 577 455 611 non
472 559 559 612 sufficit
574 562 639 613 arida
657 567 765 616 viiiumt

152 641 263 704 Occupat
276 640 332 688 hinc
349 654 429 688 ramos
446 642 533 700 macies
549 640 632 690 infesta
644 658 653 699 3
665 639 761 691 caducis

153 715 215 769 inde
231 719 325 775 comis,
340 713 408 765 filvas
425 718 486 780 jures
499 713 608 780 spoliasse
623 716 794 770 Decembrem.

186 794 276 843 Felices
288 792 373 858 populi
384 827 392 852 ,
405 790 486 842 medio
502 794 587 858 quibus
600 795 657 844 orbe
672 810 786 860 perennes

152 871 195 921 Sol
211 888 268 920 curn
284 873 352 922 nocte
371 869 421 921 dies
437 887 516 938 aequat
525 888 534 930 5
550 874 688 940 semperque
698 877 820 926 virentum

151 950 227 999 Frons
242 966 368 1000 nemorum
388 965 442 1001 toto
459 966 542 1000 manet
561 952 708 1002 inviolabilis
723 969 807 1004 annos

150 1027 196 1076 Ille
210 1025 255 1076 nisi
272 1024 344 1076 decos
360 1026 449 1078 assiduo
464 1027 562 1078 vilescat
576 1030 607 1078 ab
622 1031 686 1088 usu3

152 1103 185 1153 Et
202 1103 296 1168 placeat
314 1108 389 1168 magis
406 1103 498 1154 alterni
514 1108 566 1154 vice
579 1104 705 1156 frondibus
719 1107 790 1156 arbor

78 1176 79 1179 '
154 1181 227 1230 Nunc
246 1180 346 1245 spoliata
361 1182 426 1240 suis,
440 1185 527 1230 iterum
542 1197 606 1232 nuuc
623 1183 685 1232 Vere
699 1187 787 1234 renatis

153 1257 222 1306 Laeta
236 1261 313 1306 cornis
324 1291 333 1316 ,
346 1256 401 1306 tritu
413 1273 504 1324 tempus
518 1275 571 1324 eget
581 1259 722 1324 frigentibus
732 1265 832 1312 umbris.

185 1334 257 1399 AEgra
271 1334 393 1384 vetustatis
410 1334 527 1384 cariemli
544 1339 640 1386 traxerit
655 1339 742 1396 arbor3

151 1411 228 1461 Ulcus
245 1415 312 1461 hians
326 1415 405 1462 ventis
421 1415 485 1477 aperi
499 1413 638 1480 Phoeboque
650 1414 777 1476 medenti,

151 1486 275 1552 Largaque
290 1483 389 1536 diducat
407 1499 518 1535 truncum
536 1483 616 1536 fissura
630 1502 750 1551 patentem
760 1507 783 1547 ·,1

78 1625 79 1630 ¹
151 1563 187 1614 Ut
203 1577 327 1629 penetrent
341 1566 404 1612 intus
420 1561 456 1612 sol
475 1565 500 1612 bt
516 1561 645 1628 perflabilis
662 1569 721 1623 a'e'r,

152 1641 201 1702 Qui
215 1657 283 1706 putre
301 1637 455 1690 consolident
470 1655 573 1702 corpus3
588 1657 619 1688 ne
634 1639 703 1704 peliis
718 1638 820 1693 inaltus

151 1717 268 1770 Effundat
284 1716 336 1767 toti
354 1719 378 1766 se
398 1715 468 1766 latius
484 1717 567 1766 arbore
583 1733 671 1766 ramos.

187 1799 215 1846 ln
230 1798 315 1846 tenerit
330 1797 402 1844 etiam
419 1793 507 1859 plantis
521 1791 653 1858 primordia
666 1797 723 1844 tite

150 1874 270 1925 Difficiles
286 1886 380 1924 tentant
397 1869 497 1928 morbi;
515 1871 555 1918 seu
569 1867 653 1920 siccior
668 1871 733 1920 astas

150 1951 282 2008 Incubuit,
296 1946 335 1997 vel
351 1945 425 2011 frigus
441 1947 502 1995 iners
518 1979 526 2005 ,
541 1961 582 1995 aut
598 1946 686 2013 largior
699 1947 786 2000 imber.

151 2028 217 2091 Saepe
228 2028 325 2075 viatoris
341 2020 435 2090 quassat
451 2038 535 2073 manus
549 2027 660 2088 improba
674 2040 787 2077 truncum

150 2097 298 2155 imbellem
313 2096 393 2160 stirpes
409 2092 483 2145 fossor
498 2097 535 2145 vel
551 2098 615 2163 talpa
631 2098 733 2163 fatigate

151 2176 286 2241 Ciniiaque
301 2176 327 2223 ni
343 2177 411 2223 tortis
427 2174 550 2223 arbuscula
564 2176 668 2225 sentibus
683 2179 787 2239 horret,

151 2252 233 2319 Capra
248 2266 378 2302 venenatos
398 2247 479 2300 denter
495 2254 521 2300 in
538 2255 628 2300 cortice
644 2250 705 2316 figit.

183 2331 329 2380 Praematura
343 2331 433 2387 novis,
449 2330 504 2377 casu
522 2326 660 2377 damnosior
675 2334 764 2391 omni,·

151 2407 272 2457 Fertilitas
285 2420 357 2455 nocet
370 2406 420 2470 ipsa
435 2408 492 2469 piris
504 2422 511 2452 t
523 2420 583 2471 quot
597 2408 661 2454 hiare
678 2407 769 2457 tenello

151 2484 244 2548 Aspicis
261 2484 287 2529 in
304 2494 372 2529 ramo
387 2477 476 2539 flores,
492 2477 612 2544 tor-sigua
627 2480 708 2530 saluto

152 2558 272 2616 Afflruae,
291 2570 329 2605 tot
346 2570 409 2606 certa
426 2553 492 2605 vides
509 2558 621 2622 presagia
636 2563 732 2611 mortis.

78 2687 81 2693 ‚
185 2633 263 2683 Pallet
280 2632 320 2682 ubi
336 2629 407 2681 viridi
424 2630 489 2683 frons
504 2637 593 2683 cortice
606 2629 620 2693 ς’
631 2641 743 2703 quaritur
759 2639 812 2689 imi

154 2713 203 2761 Sub
220 2709 306 2763 tellure
322 2708 380 2757 mali
395 2708 459 2758 labes
468 2728 476 2768 3
491 2708 627 2777 nudataque
643 2712 710 2763 radix

151 2781 336 2852 Purgaturtsed
351 2782 407 2833 cum
424 2787 498 2849 ctrpir
512 2786 642 2849 nigrescere
659 2804 741 2840 cortex

153 2858 259 2921 Aridus,
275 2856 387 2911 inualidae
403 2862 442 2909 vix
459 2858 602 2908 auxiliabere
617 2860 713 2925 plante.

78 2992 79 2995 Ἴ
183 2936 272 2987 Mucor
285 2934 295 3002 (
310 2931 329 2983 li
346 2950 393 2999 qua
409 2932 467 2984 fides
486 2936 579 2983 acuenti
594 2933 686 2985 lumina
700 2938 786 3007 vitro)

153 3014 293 3080 fungorum
311 3027 386 3077 genus
398 3010 449 3069 est3
464 3008 538 3059 fixum
552 3008 620 3075 quod
636 3015 661 3061 in
675 3016 758 3067 arbore
772 3034 845 3072 venas
871 3067 874 3075 ,

153 3090 282 3161 Occupat,
296 3093 324 3143 bt
338 3104 419 3141 ramos
433 3086 531 3141 inimici
548 3088 602 3140 tabe
613 3092 708 3156 peresos

242 3180 247 3192 ·
276 3166 280 3175 ’
823 3171 833 3207 s
