2359 3975
288 460 355 532 ¹4²
430 436 629 512 Pauori
656 434 881 506 Rusti-cr

317 555 354 606 En
369 569 465 615 mmet,
479 555 505 604 δι
515 549 623 618 gravidas
638 551 719 602 laxato
735 556 825 602 cortice
839 571 949 620 gemmae

281 633 375 685 Palmer
390 635 455 696 igit:
469 645 557 680 teneras
574 627 687 677 evolvens
705 631 774 678 vinea
792 628 890 679 frondes

283 711 427 762 Nascenrem
442 713 491 775 jam
508 722 560 757 tum
576 708 691 757 monstrat
712 708 774 766 tibi,
790 709 907 772 vinitor,
923 727 1001 762 uvam

279 788 446 854 Sollicitatque
462 803 512 837 ruas
526 788 635 851 praesenti
651 802 750 837 munere
762 803 849 848 curas3

282 864 319 915 Ut
332 869 411 931 sepem
427 883 536 931 repares,
552 865 711 932 alimentaque
726 868 824 930 pinguia
836 866 901 916 ferro

282 941 390 1001 Elicias,
410 940 503 992 fodiens
520 940 628 1000 circum,
645 942 761 1006 natosque
778 941 893 991 revellens

267 1020 332 1067 'Abs
347 1017 426 1067 radice
442 1021 513 1068 rubos
530 1023 555 1068 δι
572 1022 650 1084 iniqui
664 1021 778 1084 graminis
795 1020 912 1080 hetbam3

280 1096 363 1156 Quam
380 1094 423 1144 niii
441 1095 539 1147 fumofis
556 1095 642 1146 siccam
659 1097 743 1163 procul
759 1098 855 1162 ignibus
873 1116 945 1164 urae,

282 1169 381 1220 Radices
394 1161 482 1221 ite‘rum
499 1175 565 1222 terris
582 1187 655 1238 aget,
672 1187 742 1238 arque
758 1188 915 1237 peromnem

281 1249 363 1300 Larius
379 1247 486 1300 effundet
504 1253 549 1299 sese
565 1254 672 1302 vivacior
687 1267 780 1316 agrurn.

313 1326 448 1378 Intermissa
465 1333 538 1380 boves
554 1329 652 1381 redeant
667 1328 698 1379 ad
715 1345 809 1389 aratra,
825 1329 924 1379 novales

281 1405 454 1471 emungant,
466 1404 525 1456 dum
540 1407 623 1456 mollia
636 1423 691 1472 ager
702 1440 712 1467 ‚
723 1406 847 1471 facilisque
859 1410 973 1467 moveri,

280 1479 339 1530 Non
353 1480 439 1547 pluviis
456 1495 536 1531 tamen
552 1479 613 1530 udur
629 1483 754 1547 aquis3ne
771 1475 845 1531 crass'a
855 1481 975 1532 revellare

280 1559 360 1626 Terga
375 1559 438 1618 soli3
454 1576 511 1625 quar
528 1557 583 1609 dein
602 1557 682 1624 glebae
699 1573 744 1606 nec
757 1573 843 1607 vomer
855 1563 947 1619 aratri,

281 1636 335 1688 Nec
350 1636 436 1702 pluviae
452 1636 603 1702 Zephyrique
619 1636 683 1700 putri
700 1633 785 1682 tellure
798 1633 930 1685 resolvunt.

314 1711 432 1762 Difficiles
451 1705 507 1762 calm
520 1717 569 1778 jam
586 1714 668 1778 primia
687 1709 834 1760 amensrbur
850 1715 908 1760 anni

281 1788 363 1839 Sulcat
370 1788 456 1837 Arator
467 1804 535 1852 agros
547 1805 555 1847 3
567 1789 741 1854 hominumque
752 1789 874 1855 boumque
884 1788 981 1842 labores

282 1867 371 1930 Sepius
385 1864 498 1929 explora:
512 1879 569 1912 tunc
583 1861 681 1913 demum
699 1863 806 1928 intellige
820 1862 890 1914 crudi

281 1941 325 1992 Nil
341 1937 455 2007 supereffe
472 1938 537 1999 soli,
555 1938 612 1989 crim
628 1935 695 1989 sciffa
711 1955 753 2005 per
771 1957 868 2007 aequora
882 1948 963 2011 cunei

282 2015 395 2069 inseritur
412 2015 459 2067 fine
474 2018 499 2066 vi
514 2014 648 2065 transverfis
662 2018 751 2081 pertica
767 2016 846 2066 sulcia.

313 2096 421 2147 Hiberno
434 2091 492 2163 dum
510 2094 576 2157 pigra
588 2091 645 2156 gelu
662 2090 715 2141 filet
729 2092 821 2152 herba3
838 2093 914 2144 soluti

280 2174 351 2225 l’rara
364 2186 441 2220 terant
451 2172 548 2234 impune
561 2169 634 2217 boves
647 2185 655 2226 3
670 2165 712 2217 sed
724 2168 785 2217 Vere
797 2172 920 2220 renascens

282 2252 389 2301 Gramen
405 2249 446 2297 ubi
460 2244 529 2295 flores
545 2246 697 2304 intermicat,
711 2242 806 2311 udaque
820 2262 896 2296 verno

280 2328 351 2378 Prata
361 2324 442 2375 colore
453 2322 538 2371 rubent
547 2339 555 2380 3
564 2318 649 2385 procul
660 2322 716 2369 hinc
726 2322 826 2371 herbosa
835 2323 970 2377 secundina

280 2402 393 2453 flumina
409 2401 516 2465 pascatur
531 2399 626 2462 gravior
640 2394 701 2461 pede
715 2411 795 2446 taurus
806 2402 898 2461 inerti,

279 2480 334 2532 Nec
351 2478 427 2529 calcet
443 2478 492 2541 spes
506 2476 555 2540 ipse
569 2475 621 2522 suas
636 2489 692 2525 cum
706 2474 820 2525 mollibus
836 2479 925 2529 herbis.

282 2560 315 2610 At
332 2573 409 2623 neque
427 2569 490 2603 certa
504 2553 587 2618 legat,
602 2551 719 2621 floresque
733 2554 816 2603 Puella
829 2573 872 2622 per
886 2575 975 2611 omnes

280 2636 371 2695 Erret,
387 2637 411 2683 δι
427 2632 540 2683 instabilis
554 2648 618 2680 nunc
633 2634 677 2685 hor
690 2650 754 2684 nunc
765 2633 872 2686 demetat
885 2637 961 2699 illae,

280 2717 354 2767 Nunc
373 2728 457 2765 omnes
473 2708 580 2761 effundat
596 2714 685 2772 hurni3
699 2713 820 2780 violasque
838 2718 923 2781 perosa

281 2792 346 2853 Quas
363 2789 433 2837 habet
445 2789 470 2835 in
483 2786 613 2845 manibus,
626 2784 715 2851 cupido
729 2788 816 2839 molles
830 2791 977 2852 hyacinthos

280 2866 367 2930 Ungue
382 2876 463 2931 petar,
476 2860 612 2925 tenerasque
627 2876 689 2925 vago
702 2859 762 2927 pede
774 2877 880 2926 proterat
889 2867 987 2921 herbae.

314 2940 382 2989 Unus
398 2942 443 2993 erit
457 2954 530 2991 uerno
545 2941 588 3007 qui
604 2952 711 3004 tempore
724 2955 791 3005 prata
807 2940 910 2995 colonus

280 3018 412 3075 Ambulat,
426 3035 455 3071 ut
467 3023 550 3084 juncos
567 3021 617 3067 irna
628 3017 658 3069 de
673 3020 742 3085 stirpe
753 3020 874 3082 revellat,

281 3092 438 3167 helapides,
450 3098 475 3147 hc
489 3092 506 3145 fi
519 3110 566 3167 qua
579 3099 659 3162 jacent
671 3098 776 3149 obnoxia
787 3095 844 3151 falci
851 3130 864 3159 a
