2359 3975
688 169 691 171 ’
762 167 796 204 2

312 494 314 498 <
413 453 778 548 L‘tnnnXll.
890 477 1018 550 249*

229 579 270 631 Sic
286 577 328 629 ubi
347 576 386 627 vel
403 575 537 637 Cererem,
552 576 592 627 vel
610 574 717 627 oluscula
734 590 816 624 trunca
827 573 920 624 resertis

228 655 321 705 Villica
336 655 383 703 sert
400 654 498 703 calathis
510 671 519 712 3
534 653 624 702 circum
634 669 707 718 genus
719 669 790 700 ornue
804 652 929 702 volantum

230 730 325 790 irruite
341 729 478 799 ardentique
495 730 568 778 litent
585 744 612 778 ut
627 729 695 793 plura
708 732 832 794 juventa,
907 719 912 724 ⁶

229 809 342 858 insiliunt
360 811 452 874 gremio
467 807 548 872 pulli,
564 806 718 872 dextramque
734 823 886 862 morantem,

227 888 388 945 Sollicitam,
401 886 476 951 plenis
492 900 519 934 ut
534 886 621 950 pabula
637 886 701 950 larga
714 885 820 936 canistris

228 962 350 1028 Expediat
361 983 368 1012 z
380 969 438 1030 jacit
451 964 495 1014 illa
511 962 582 1030 dapes
595 982 602 1023 3
616 982 660 1014 nec
673 981 734 1016 vote
752 979 895 1030 querentum

227 1041 361 1106 Amplius,
374 1057 399 1090 at
416 1043 496 1107 legulo
513 1044 639 1094 volucrunt
655 1044 736 1107 strepit
750 1058 804 1091 area
820 1042 905 1090 rostro.

262 1118 371 1168 Porticus
386 1119 477 1169 aestivos
495 1117 610 1169 defendat
624 1117 725 1168 frondea
738 1118 817 1178 soles,

228 1194 401 1260 Aligetumque
418 1213 514 1261 gregem
532 1197 615 1262 pluvio
635 1211 727 1246 tueatur
746 1197 774 1244 ab
791 1196 876 1244 imbre.

228 1264 276 1314 Hic
292 1266 380 1314 cineres
394 1266 511 1328 affunde,
526 1271 612 1335 quibus
630 1271 653 1318 se
671 1270 725 1320 laeta
739 1269 834 1320 volutet

232 1342 350 1393 Pulvereo
365 1344 453 1410 gallina
467 1348 521 1396 solo
532 1366 539 1396 t
551 1345 580 1396 sit
595 1351 619 1397 δι
636 1349 707 1397 obvia
724 1348 843 1414 lympha,

228 1421 311 1482 Quam
326 1439 375 1472 non
392 1441 467 1489 prona
481 1423 569 1484 vadis,
587 1423 628 1474 sed
645 1429 711 1475 tenso
729 1426 759 1476 ad
774 1427 848 1476 sidera
864 1426 930 1476 collo
954 1449 957 1459 Α

227 1497 355 1548 Haustibus
371 1502 482 1549 absorbet
496 1502 584 1548 crebris
603 1500 692 1564 gallina
704 1520 710 1549 t
722 1503 804 1552 foratis

226 1573 334 1624 Alveolis
352 1577 408 1624 hinc
425 1573 481 1624 inde
496 1577 578 1624 bibens
594 1591 665 1641 caput
678 1579 763 1626 inserat
774 1597 780 1627 ι
792 1579 840 1628 alvi

226 1651 351 1701 Proluvies
366 1649 486 1717 liquidam
500 1667 531 1700 ne
546 1649 613 1700 foeda
629 1655 770 1718 coinquinet
788 1651 886 1702 undant.

261 1732 315 1780 Sint
330 1729 414 1796 procul
431 1729 558 1778 aDoruiui
574 1731 640 1778 retus
656 1733 763 1789 aviaria3
782 1731 843 1795 pulli

227 1806 281 1858 Nec
296 1808 393 1856 subeant
409 1811 485 1856 imam
497 1803 564 1856 nudi
580 1805 624 1855 ulfi
640 1807 701 1872 pelle
717 1805 843 1867 culinim,

227 1884 387 1951 Membraque
404 1888 505 1949 porcino
524 1883 602 1934 vestiti
619 1887 716 1950 pinguia
731 1885 817 1935 lardo:

226 1957 311 2011 Pullus
326 1956 554 2024 coimmundosque
571 1957 631 2009 fimo
648 1959 738 2025 gallina
753 1975 849 2026 penates
913 2010 915 2015 .

122 2104 125 2109 Ι
226 2035 340 2087 Sordidae
349 2054 359 2096 3
378 2040 403 2087 δι
420 2036 495 2087 Musis
512 2036 529 2085 fi
547 2035 656 2086 dulcibus
671 2041 721 2087 otia
738 2043 787 2089 ruri

226 2115 384 2175 Obleuabis,
402 2131 457 2169 anas
475 2119 500 2163 &
517 2116 624 2181 garrulus
642 2119 709 2167 anser
725 2122 800 2167 acutis
835 2161 838 2166 .

226 2190 309 2257 Usque
327 2191 439 2245 lacessitas
456 2206 568 2254 rumpent
585 2192 736 2256 clangoribus
752 2210 826 2243 auree.

261 2268 398 2331 Contiguos
416 2266 486 2315 furno
502 2264 592 2330 nidos(
603 2282 670 2330 tepor
687 2267 749 2317 unde
763 2270 863 2319 salubris-

210 2410 212 2414 Ι
226 2342 371 2409 Perveniat)
385 2359 505 2406 compone
517 2346 552 2396 tui
568 2360 643 2409 prope
659 2349 719 2395 tesia
734 2348 833 2408 coloni3

225 2421 319 2475 Audiat
333 2435 360 2469 ut
376 2420 475 2485 vigilem
493 2419 605 2484 gallum,
622 2426 663 2487 qui
680 2440 749 2475 mane
766 2444 853 2477 canora
890 2454 892 2461 v

226 2500 296 2550 Voce
313 2496 379 2547 diem
392 2499 470 2556 citat,
489 2500 514 2546 bt
531 2498 628 2547 somnos
644 2503 764 2568 abrumpit
780 2507 874 2555 inertes.
890 2550 892 2554 .

261 2578 347 2625 Tutius
362 2574 394 2623 est
408 2570 486 2645 crasso
498 2574 590 2639 paleare
606 2577 694 2627 cubilia
709 2596 778 2629 muro

227 2653 332 2715 ludere,
348 2652 422 2719 quim
439 2652 547 2701 calathos
563 2651 616 2709 fixis
630 2656 768 2721 suspendere
784 2660 874 2718 clavis3
913 2706 916 2713 .

229 2732 349 2795 Pracipiti
364 2746 425 2796 quos
440 2731 500 2794 saepe
516 2733 564 2778 ruit
579 2731 669 2794 gallina
684 2734 777 2783 volatu.

263 2810 380 2857 Matribus
393 2811 420 2855 in
433 2806 521 2855 sobolis
535 2807 600 2870 spem
616 2796 817 2871 parturientibus,
831 2829 894 2874 ova,

230 2886 313 2937 Putria
326 2882 445 2935 sinttlicit
458 2897 498 2930 aut
515 2883 589 2946 gypso
608 2882 727 2942 consilia,
742 2886 869 2953 relinques.

231 2962 331 3016 Sedibus
347 2956 472 3034 inpediit
488 2971 563 3014 crates
575 2958 706 3031 suspende,
721 2958 807 3035 dolatis
837 3028 843 3034 Ι

653 3040 660 3061 ⁶
811 3050 828 3100 L
845 3069 861 3100 v
