2359 3975
331 422 737 497 EPtsToLA.
862 426 899 518 iij

162 575 229 645 qua
248 547 295 617 ad
309 572 371 617 rem
380 544 577 636 familiarem
590 573 658 615 non
677 549 784 617 minus
803 545 899 641 quim

162 674 209 743 ad
230 672 316 742 villu
328 669 531 763 splendorem
548 650 719 761 pertinent.
740 670 900 738 Ultimum

163 792 331 893 domestico
351 791 449 883 lepori
466 790 579 859 librum
600 791 848 889 destinaveram,
866 813 900 860 ut

163 914 289 1013 rusticis
323 910 482 981 conviviis
514 934 567 979 eas
602 936 722 1003 quoque
757 911 900 981 adderem

165 1038 279 1129 epulas
298 1037 365 1101 rion
379 1032 523 1125 pecuuld
533 1084 545 1123 ,
568 1060 635 1103 non
654 1057 827 1105 venantum
836 1036 902 1129 su

166 1159 242 1227 dore
260 1177 371 1249 partas
391 1178 404 1223 .·
413 1153 476 1247 sed
493 1154 638 1223 intellexi
650 1159 774 1247 placere
789 1159 848 1225 eibi
865 1180 903 1226 ut

94 1352 102 1381 ·.
167 1276 352 1353 uenationis
376 1275 536 1365 voluptati
557 1277 660 1369 magis
684 1277 905 1373 indulgerem,

169 1422 269 1493 neque
285 1400 419 1491 leporem
432 1422 532 1465 unum
547 1448 559 1482 ,
571 1395 810 1498 sedfilreslrem
823 1426 905 1492 quo·
939 1477 942 1483 ,

171 1546 233 1615 que
252 1543 418 1611 capream,
439 1543 575 1611 aprum,
596 1520 749 1608 damam,
768 1523 905 1615 aliasque

164 1642 286 1733 fulvas
333 1634 397 1734 (ut
418 1636 564 1735 vocant)
580 1634 669 1729 siras
692 1667 759 1710 meo
784 1643 907 1712 vivario

173 1762 376 1833 includerem.
406 1760 508 1849 Cujus
534 1764 711 1854 argumenti
735 1766 907 1835 amanita-

173 1908 235 1955 tent
256 1909 292 1951 eo
312 1878 460 1951 libentius
466 1880 609 1975 sequar,
626 1882 714 1975 quod
725 1911 773 1954 me
792 1913 813 1955 a
827 1915 908 1979 pro-

169 2003 276 2106 pcfito
300 2029 368 2073 uon
398 1999 576 2101 receffitrum
599 2027 709 2096 puto,
725 2005 764 2105 st
787 2009 910 2079 tradita

175 2129 277 2199 totius
303 2124 515 2220 Agricultura
534 2148 625 2212 arte,
649 2127 685 2194 id
703 2129 826 2222 demum
846 2157 909 2221 ap-

173 2250 307 2348 pofitero
327 2247 414 2342 quod
429 2272 616 2340 magnopere
633 2248 770 2334 invitet,
790 2251 911 2342 rurique
935 2312 937 2323 χ

180 2369 278 2468 quaint
306 2367 474 2466 diuttfflml
501 2389 605 2436 teneat
632 2367 802 2456 dominos,
829 2394 912 2462 quo.

181 2519 252 2566 tum
273 2472 439 2584 prasentia
467 2491 502 2560 in
526 2480 667 2584 operibus
692 2472 810 2592 rusticis
835 2517 912 2581 tan-

181 2613 251 2686 ttirn
265 2615 391 2706 pollet,
412 2632 448 2680 ut
467 2614 558 2680 nullo
577 2634 658 2682 terra
670 2614 825 2685 laetamine
838 2619 914 2708 pire·

182 2738 278 2834 guior
295 2736 361 2826 fiat
385 2729 479 2826 qudrn
495 2731 533 2832 fi
548 2731 766 2832 frequentibus
792 2738 916 2806 domini

184 2857 323 2960 uestigiis
337 2857 543 2948 proculcatur.
576 2904 577 2908 =
897 2855 900 2860 ’

240 2979 375 3068 Habes,
400 2976 460 3048 Vir
487 2973 690 3049 lllustrllfime
703 3029 715 3065 ,
730 2981 843 3074 seriem
866 2992 917 3053 to.

704 3101 776 3189 aij
