2359 3975
807 329 813 364 l

269 445 338 499 202
411 421 604 492 Paanrr
629 417 849 487 Rusrrct

300 544 365 593 Inter
376 554 501 606 utramque
509 539 605 604 plagam
618 572 627 598 ,
639 537 779 600 Scythicum
793 534 842 601 qual
855 534 965 587 mundus
973 535 1004 585 ad

268 619 420 682 Consurgit,
438 613 523 666 melior
537 619 600 678 jacet
614 614 678 661 arelo
693 612 771 660 limite
787 611 858 660 tellus
909 617 1006 671 [axem

270 697 406 761 Frigoribus
421 711 464 744 nec
480 691 564 752 fereda,
581 691 619 742 stri
634 709 678 741 nec
693 691 774 740 hiulca
789 691 910 756 perenni,

272 772 318 826 Sed
332 775 412 824 Boreae
427 773 523 822 alternis
535 773 627 822 vicibus
642 770 794 836 Zephyrique
810 772 913 834 tepentia

272 854 305 904 Et
319 851 421 918 pluvii,
438 855 462 900 δι
478 849 526 898 leni
541 848 637 898 mollita
651 848 777 896 salubriter
789 846 867 895 estu:

274 931 320 981 Hic
334 930 427 980 Baccho
441 928 525 987 locus,
539 928 575 976 hir
589 925 654 974 ultro
667 926 745 972 bonus
758 927 862 987 imperat
872 924 960 983 atris,

275 1009 328 1059 Nec
343 1009 409 1071 regni
426 1004 523 1054 ulterius
541 1018 607 1052 curat
622 990 766 1067 orotendere
783 999 853 1048 fines.

308 1084 365 1136 Non
381 1085 511 1148 interjestas
527 1097 576 1130 uno
591 1095 672 1128 tamen
688 1076 773 1126 ordine
788 1093 871 1142 gentes
925 1111 929 1116 .

276 1165 381 1215 Bacchus
396 1161 468 1210 habet
483 1179 490 1208 r
507 1159 565 1207 belli
580 1156 661 1208 studiis
673 1156 799 1205 clariffirna
812 1155 964 1222 quondam,

277 1241 356 1290 Marte
370 1253 484 1302 meroque
499 1252 580 1300 param
595 1234 653 1284 fecit
667 1232 711 1282 fibi
724 1235 818 1282 Graecia
832 1233 936 1283 famam.

247 1321 249 1328 '
278 1317 400 1366 Romanos
414 1327 493 1360 rerum
507 1306 621 1358 dominor
636 1308 701 1359 Deus
713 1305 770 1356 inde
784 1308 918 1372 sequutus,

279 1393 343 1442 Vina
357 1379 455 1440 racina
472 1386 539 1438 dedit
553 1405 560 1434 r
576 1385 643 1450 lapsi
657 1400 710 1434 turn
725 1382 790 1432 mole
804 1386 913 1448 potentia

281 1459 394 1541 Imperii,
411 1466 488 1516 musto
504 1461 625 1514 sordentia
641 1460 742 1527 plaustra
757 1475 797 1523 per
811 1459 886 1523 Alpes

282 1544 358 1614 Egit,
377 1548 401 1594 δι
418 1546 505 1610 optatis
523 1540 650 1591 Gallorum
666 1537 772 1586 constitit
786 1539 856 1595 oris,
932 1551 936 1560 ¹

282 1626 421 1689 Despiciens
437 1619 538 1685 populos
553 1618 634 1666 Boreae
646 1612 679 1663 de
695 1628 761 1677 parte
774 1627 901 1661 vocantes.

285 1699 381 1750 Scilicet
395 1699 488 1748 invidiis
503 1711 554 1760 quae
571 1708 628 1757 geor
642 1690 748 1739 effloruit
763 1691 835 1736 armis

286 1777 343 1826 Visa
357 1775 449 1840 placere
465 1773 519 1822 Deo
534 1770 576 1820 est.
592 1770 700 1817 Tantum
712 1783 743 1814 ne
758 1765 839 1814 Gallia
852 1782 947 1816 munus

287 1855 373 1917 Sperne
390 1869 396 1900 a
414 1850 471 1900 latet
487 1851 554 1898 cacis
570 1847 662 1910 argenti
676 1845 747 1907 copia
760 1845 847 1902 venir,

287 1929 413 1993 AErisque,
430 1923 583 1989 chalybisque
600 1922 693 1979 latent,
711 1921 808 1984 aurique
822 1919 945 1968 metalla:

288 2006 380 2057 Parcite
392 2000 433 2051 sed
442 2002 535 2052 Baccho
547 2000 602 2049 loca
612 1994 762 2055 commode,
775 1998 886 2061 parcite,
901 2000 990 2057 cives,

289 2082 413 2133 Destruere
424 2114 435 2140 ‚,
451 2082 476 2129 oc
492 2080 562 2126 testae
574 2110 582 2136 ,
601 2078 752 2124 irritamenta
763 2073 887 2122 melorum
899 2108 908 2134 ,

290 2159 394 2211 Divitias
410 2156 474 2206 ferro
491 2155 533 2203 sub
551 2150 641 2201 eisdem
654 2166 758 2215 quarere
776 2153 865 2209 terris,

292 2238 366 2300 Queir
381 2252 439 2285 auro
456 2230 562 2289 melior,
579 2231 635 2277 vir:
652 2226 759 2277 solmon
772 2239 881 2286 anne,
927 2287 929 2293 Ι

292 2317 405 2371 Exoritur
423 2326 507 2363 contra
524 2322 591 2358 curer
607 2309 634 2374 de
651 2301 722 2354 tedio
734 2305 800 2354 vitis.

326 2395 480 2459 opportunus
492 2402 546 2453 ager
559 2418 567 2445 ,
582 2380 674 2448 tepidos
687 2384 729 2446 qui
738 2382 816 2444 vergit
827 2377 859 2428 ad
869 2379 990 2440 Austros,

295 2472 326 2521 Et
343 2470 426 2520 sabulo
444 2469 502 2517 levis
517 2464 569 2522 est3
585 2464 625 2510 hic
641 2460 770 2525 perimus,
788 2455 852 2505 unde
867 2456 960 2506 furenti

296 2549 370 2599 Etuta
388 2545 444 2595 filva
463 2556 537 2591 rnanu
553 2541 632 2603 regnis
650 2537 742 2585 exceffit
757 2537 846 2593 avitis,

297 2625 403 2675 Iovisura
419 2620 486 2669 focos
503 2635 509 2665 ε
526 2614 645 2664 inlunem
660 2614 737 2677 strage
747 2614 839 2660 recenti

261 2688 264 2697 ’
298 2687 1012 2758 OdithurnumBaechus‚neespontehinepabulaearpena‚

299 2777 398 2827 Tristior
413 2778 532 2843 ingratum
548 2768 616 2835 elegit
630 2767 680 2817 stne
695 2767 785 2817 viribus
802 2780 892 2815 mm·

299 2856 368 2906 Vivit
382 2857 446 2905 enim
464 2864 559 2901 truncos
573 2844 640 2895 radix
656 2844 735 2893 ultura
750 2842 835 2890 recisos
848 2858 858 2899 3

300 2932 332 2982 Er
344 2933 451 2997 quamvis
466 2940 537 2992 eaput
547 2928 572 2972 in
584 2915 664 2971 tenues¹
679 2936 729 2969 non
743 2915 828 2967 efferar
842 2932 934 2980 aretas,

301 3007 416 3059 laetiora
431 3016 511 3057 tamen
526 3001 682 3058 dominatur,
699 3010 830 3061 agrumque
844 3008 1000 3060 peromnem
