2359 3975
317 441 576 531 ,Lrnsrt
625 444 656 521 1.
828 468 872 545 17

142 564 263 631 Quodque
282 564 352 631 sagax
370 554 462 617 Natura
475 570 543 618 cavis.
554 568 597 617 sub
611 566 735 618 monibus
750 581 834 618 mensu

142 641 279 709 Excoquiti
295 644 406 691 humanis
424 660 483 708 opus
501 642 565 696 baud
580 644 698 693 imitabile
714 647 784 694 curis.

144 720 234 769 Tantus
252 718 314 767 inest
331 721 397 767 terris
413 719 499 781 calor,
513 735 540 770 ut
557 721 669 771 Plutonia
682 724 767 771 norint

144 798 242 863 Regna,
261 795 411 847 metalliferis
428 801 470 863 qui
486 795 656 862 demerguntur
674 802 701 849 in
715 802 808 859 antdst

145 876 271 940 Tantaque
288 873 408 939 sulphurei
424 874 457 923 est
473 878 508 925 vis
526 879 603 940 ignis,
615 892 642 925 ut
656 879 744 942 impete
758 878 826 929 vasto

146 950 312 1004 Fundamenta
327 951 372 1002 soli
388 954 501 1019 quatiat,
519 956 661 1020 montesque
677 955 785 1006 revellat.

135 1030 221 1079 AEuea
236 1045 296 1095 quas
312 1042 432 1079 tormenta
448 1027 551 1081 vomunt
559 1064 568 1090 ,
587 1033 721 1081 imitamine
733 1030 842 1081 flammas

145 1106 274 1157 Haufirnus
290 1123 303 1155 e
320 1108 386 1156 terris
405 1123 414 1166 t
430 1122 474 1156 nec
492 1124 529 1157 eas
543 1124 621 1159 novus
634 1108 717 1159 intulit
732 1111 786 1159 orbi

146 1185 223 1252 Impia
239 1182 372 1235 subducens
387 1184 450 1233 coelo
468 1201 509 1250 per
524 1185 587 1235 furta
602 1185 765 1237 Prometheus.

177 1264 243 1328 Ignis
260 1264 329 1311 humi
347 1264 439 1327 gremio
455 1261 549 1313 latitans
567 1264 592 1311 se
606 1260 688 1328 prodit
704 1264 735 1312 ab
749 1262 804 1329 ipfir

146 1340 237 1390 Oceani
255 1338 367 1391 ferventis
381 1341 451 1404 aquis
467 1357 475 1399 3
493 1342 518 1389 δι
535 1355 611 1405 nuper
625 1337 657 1389 ad
672 1337 745 1391 indos

147 1415 226 1467 Insula
245 1428 303 1465 nata
319 1419 380 1465 mari
395 1416 428 1465 cst
439 1448 448 1475 ,
457 1432 525 1481 partu
543 1434 618 1483 quant
636 1432 697 1467 terra
713 1417 809 1485 fragoso

148 1492 270 1553 Protulit,
286 1509 315 1541 ex
329 1494 383 1559 inno
400 1493 508 1557 jaculatis
523 1510 618 1559 equore
637 1496 705 1545 sarias

148 1570 251 1621 Incaluit
268 1560 315 1633 lats,
329 1584 415 1635 pontus
431 1570 578 1633 fumantibus
594 1569 681 1629 tundite

149 1650 226 1715 Atque
242 1662 334 1696 novum
347 1648 433 1712 pelago
446 1644 561 1707 dorsum,
577 1648 696 1711 cacasque
710 1641 806 1695 latentis

149 1724 256 1791 Prodigii
273 1726 351 1773 causas
368 1722 432 1774 avidi
449 1725 610 1789 cognoscere,
624 1721 748 1773 flammat

150 1802 295 1855 Terrestrem
311 1803 401 1852 ratibus
417 1805 508 1863 nimis,
526 1804 572 1851 heu
590 1802 597 1851 l
612 1803 702 1852 sensere
717 1800 811 1853 solutis.

182 1882 291 1931 Plurima
306 1884 355 1947 jam
370 1880 413 1929 sub
430 1895 513 1931 monte
530 1897 589 1933 cavo
607 1896 660 1946 qua
670 1883 764 1945 cogitur
779 1876 860 1938 unda,

150 1960 235 2013 fervet
251 1959 281 2008 ab
297 1972 406 2018 aeterno,
426 1957 495 2010 tellus
510 1975 583 2025 quem
600 1960 714 2025 subjicit,
732 1962 796 2025 igne.

149 2035 189 2090 Ad
204 2042 262 2103 juga
278 2037 372 2086 summa
388 2053 462 2101 vapor
476 2036 535 2088 levit
551 2035 653 2096 euolat,
669 2033 733 2086 unde
748 2035 857 2085 relabens

151 2114 264 2168 Confluir
278 2116 406 2174 inritos,
422 2117 464 2181 qui
480 2131 556 2180 prona
570 2130 612 2180 per
626 2130 683 2164 awa
698 2112 796 2173 voluti,

151 2192 252 2241 Oceano
268 2185 395 2254 lymphas,
413 2205 470 2255 quas
486 2206 617 2254 accepere,
632 2187 757 2240 redonant.

152 2269 216 2320 Hinc
227 2283 291 2333 aqua
301 2282 383 2316 monte
394 2265 468 2316 fluens
480 2264 538 2317 levis
548 2266 597 2326 est,
608 2263 739 2330 eademque
749 2263 865 2314 salubrius

152 2345 251 2395 Scilicet
267 2361 280 2392 e
297 2346 363 2392 tenui
381 2342 438 2394 levis
457 2343 491 2392 est
508 2356 620 2393 concreta
634 2358 743 2410 repom

152 2421 184 2473 Er
200 2439 243 2488 per
262 2435 386 2470 arenarum
404 2437 503 2470 manans
521 2417 586 2487 quali
607 2419 662 2468 cola
671 2411 807 2485 ‚⁴Iepurgat

151 2493 299 2558 Quodevitii
311 2528 319 2554 ‚
333 2491 401 2560 quod
417 2491 492 2544 sordis
508 2492 567 2544 inest
582 2490 726 2558 pluvialibus
743 2489 833 2552 undist

152 2573 215 2634 Quae
233 2572 324 2620 sursum
345 2570 401 2620 licet
418 2573 443 2620 in
462 2585 543 2620 tenues
560 2586 574 2618 a
590 2569 641 2620 sole
658 2586 758 2634 vapores

152 2648 294 2702 Educanutr
313 2651 410 2708 humo,
432 2662 528 2697 terrena
546 2648 637 2696 sentina
653 2647 713 2696 labis

152 2727 275 2778 insincera
288 2741 369 2774 tamen
384 2726 486 2774 retinent
501 2741 509 2782 3
529 2723 641 2789 foetaeque
656 2724 753 2772 venenis

154 2804 296 2854 Destituunt
314 2799 397 2852 medio
414 2799 517 2850 ficientes
533 2817 628 2867 aequore
645 2799 754 2859 Nautas,

155 2879 276 2932 Cisternas
294 2877 335 2926 ubi
351 2876 489 2942 posthabitIs
505 2873 582 2926 adIcre
600 2872 705 2944 fluentis.

190 2958 283 3006 Interea
300 2953 417 3004 meditare
435 2951 476 3004 diu
492 2953 540 3018 qui
557 2967 623 3018 parte
639 2949 769 3002 domorum

155 3030 325 3100 Fundamenta
339 3030 404 3084 locet
422 3045 431 3094 5
450 3026 477 3082 ut
493 3029 567 3094 laxo,
585 3029 704 3094 salubris,
723 3031 750 3084 bt
767 3030 820 3098 ipso
891 3077 895 3084 ,
