2359 3975
273 449 320 543 36
423 446 612 516 Prrnrr
637 443 854 516 Rusrrer

271 566 337 618 Cim
352 565 409 616 tulit
421 561 538 630 iniussae,
557 582 659 632 quarum
674 565 737 620 mala
755 565 844 615 seminn
857 564 974 616 nondum

271 646 350 696 Metus
366 648 392 695 in
410 648 509 695 exitium
524 643 614 711 siliquis
629 642 717 693 fluxere
733 644 826 695 solutis.

271 724 323 774 Nec
338 740 406 773 mora
420 720 553 773 transverfis
569 725 657 771 iterum
672 724 734 771 secet
748 738 845 788 aequora
858 722 948 783 fulcire

269 800 401 854 Pendentes
418 799 502 852 eadem
516 817 596 866 neque
607 817 649 865 per
662 801 759 866 vestigia
773 800 847 851 tolles

270 876 433 945 Prosubigat,
451 877 492 929 sed
506 882 556 944 agri
570 894 634 927 nunc
649 881 675 928 in
689 876 791 929 declivia
807 894 887 929 tauros

269 955 387 1023 Dirigit,
405 956 506 1023 obliquo
521 972 585 1007 nunc
601 971 678 1006 vertat
694 959 720 1005 in
737 955 810 1007 vdua
824 957 899 1007 sulco.

302 1032 420 1100 Agricolae
435 1050 534 1083 concors
550 1033 619 1083 labor
635 1033 667 1081 est
682 1037 811 1099 oviumque
827 1034 955 1100 magistri:
1004 1049 1008 1056 ’

268 1112 300 1163 Et
314 1114 423 1178 quamvis
439 1109 514 1161 studia
530 1113 556 1159 in
570 1114 690 1161 contraria
704 1112 765 1175 saepe
780 1110 885 1161 ferantur
896 1145 910 1171 ,

268 1181 347 1255 Atque
361 1188 479 1239 Bubulcus
496 1203 560 1238 amet
573 1204 645 1253 puros
661 1204 675 1235 a
691 1191 797 1252 gramine
812 1204 934 1253 campos,

268 1264 424 1331 Hamatisque
438 1264 503 1314 rubis
518 1265 611 1331 fugiens
627 1264 681 1313 loca
695 1262 786 1315 confite
800 1265 883 1314 Pastor

267 1342 388 1393 Herbosos
403 1345 502 1392 sedetur
517 1359 585 1408 agros
598 1360 608 1400 ·,
622 1342 740 1393 nonnulla
755 1341 865 1391 laborum

267 1421 296 1470 ln
313 1435 363 1470 tam
380 1418 509 1486 disparibus
527 1420 608 1470 tamen
624 1420 657 1467 est
672 1417 802 1469 concordia
815 1422 887 1469 votis.

267 1496 335 1547 Alter
349 1512 418 1556 arat3
434 1499 577 1564 camposque
593 1495 655 1547 fimo
669 1499 737 1562 juvat
751 1495 811 1546 alter
824 1496 924 1555 ovillo;
1019 1494 1023 1500 '

268 1578 346 1627 Servit
360 1592 418 1641 agro
433 1592 524 1642 pecus,
541 1579 565 1625 bt
581 1578 661 1641 pecori
676 1573 720 1625 dat
733 1575 810 1625 molle
822 1576 925 1625 vicissim

268 1655 374 1707 Gramen
384 1672 438 1721 ager
448 1674 456 1715 3
468 1671 545 1722 neque
556 1670 611 1703 rura
619 1657 703 1719 vigent
712 1670 883 1720 armentaque,
896 1651 961 1703 densi

267 1734 321 1784 Sive
337 1750 417 1799 greges
433 1735 543 1797 campis,
559 1731 670 1795 gregibus
683 1732 723 1780 seu
736 1732 821 1794 pascua
836 1728 922 1779 desint·

299 1810 435 1861 Romulida
448 1807 570 1876 quondam
583 1808 695 1855 Proceres
708 1822 762 1872 que
777 1806 872 1855 fortiter
884 1810 959 1857 armis

265 1886 431 1951 Quasierant,
449 1885 491 1951 ipsi
507 1884 647 1949 subigebant
660 1898 716 1932 arva
728 1900 738 1941 ·‚
752 1882 854 1933 colonos

264 1967 317 2019 Nee
331 1965 403 2018 semel
423 1964 515 2016 avulsos
530 1963 561 2012 ab
574 1976 653 2012 urano
670 1962 749 2013 Roma
761 1966 878 2023 vocavit,

263 2047 372 2113 Imperiis
388 2042 511 2111 gravidam
526 2055 633 2108 regerent
648 2043 691 2107 qui
707 2039 799 2106 legibus
815 2041 920 2101 urbem,

262 2127 299 2176 Ac
316 2123 397 2191 politis
414 2126 502 2172 iterum
519 2120 640 2169 sulcarent
653 2117 755 2168 fascibus
769 2134 846 2184 agros.
902 2134 906 2140 ’

262 2200 422 2254 subdiderant
437 2203 476 2250 cui
493 2197 557 2248 colla
572 2197 637 2246 Duci
652 2195 777 2246 famularia
793 2211 897 2262 gentes,

262 2283 340 2333 Laetus
358 2283 445 2332 aratori
464 2295 544 2328 caurus
558 2276 657 2341 parebat
669 2277 751 2324 ovanti
764 2292 775 2334 3

261 2357 361 2427 Ipsaque
378 2357 600 2423 laurigero‘versiui
616 2369 714 2402 vomere
729 2350 835 2418 gaudena

262 2437 337 2487 Terra
352 2434 501 2500 triumphalis
517 2432 641 2497 superabat
654 2445 712 2480 vota
725 2429 816 2479 coloni.

295 2517 320 2564 si
336 2515 414 2562 sacros
430 2527 510 2561 tamen
525 2508 641 2565 annales,
659 2522 814 2571 veterumque
832 2509 940 2559 virorum

260 2591 381 2642 Evolvam
397 2601 573 2645 monument23
593 2599 676 2650 greges
693 2586 783 2633 servare
798 2601 908 2649 paternos

258 2668 374 2719 Nobilius
391 2669 468 2717 visum
485 2665 518 2713 est
532 2663 615 2720 olim,
632 2659 708 2726 quim
724 2679 822 2711 vomere
837 2674 910 2713 terras

258 2746 372 2796 Exeruere
387 2759 468 2810 graves
480 2777 490 2802 „
507 2741 623 2806 sulcisque
638 2741 761 2804 reposcere
781 2740 869 2805 fruges.

259 2822 334 2872 Aurea
349 2837 452 2889 namque
470 2820 513 2869 sub
527 2821 576 2867 hec
591 2815 675 2865 mundi
693 2815 844 2882 primordia,
864 2819 961 2884 Regum

258 2902 382 2965 Progenies
399 2895 532 2950 veneranda
543 2931 551 2954 ‚
568 2891 657 2960 pedum
672 2891 682 2958 (
693 2891 807 2959 preludia
820 2895 906 2959 sceptri
917 2896 930 2964 J

256 2977 374 3027 Pastorale
390 2989 488 3042 gerens,
504 2975 587 3022 ovium
604 2968 768 3019 moderamine
783 2969 873 3021 blando

255 3057 376 3122 Subjestos
391 3049 515 3120 quondam
529 3047 635 3098 discebat
646 3047 731 3097 babere
747 3047 855 3112 benignis
