<?xml version="1.0" encoding="UTF-8"?>
<!DOCTYPE html PUBLIC "-//W3C//DTD XHTML 1.0 Transitional//EN"
    "http://www.w3.org/TR/xhtml1/DTD/xhtml1-transitional.dtd">
<html xmlns="http://www.w3.org/1999/xhtml" xml:lang="en" lang="en">
 <head>
  <title>
</title>
<meta http-equiv="Content-Type" content="text/html;charset=utf-8" />
  <meta name='ocr-system' content='tesseract 3.04.00' />
  <meta name='ocr-capabilities' content='ocr_page ocr_carea ocr_par ocr_line ocrx_word'/>
</head>
<body>
  <div class='ocr_page' id='page_1' title='image "./jacobivanieriip00vanigoog/jacobivanieriip00vanigoog_0363.png"; bbox 0 0 2359 3975; ppageno 0'>
   <div class='ocr_carea' id='block_1_1' title="bbox 301 452 955 549">
    <p class='ocr_par' dir='ltr' id='par_1_1' title="bbox 301 452 955 549">
     <span class='ocr_line' id='line_1_1' title="bbox 301 452 955 549; baseline 0.005 -24"><span class='ocrx_word' id='word_1_1' title='bbox 301 452 368 549; x_wconf 82' lang='lat'>318</span> <span class='ocrx_word' id='word_1_2' title='bbox 443 456 641 527; x_wconf 70' lang='lat' dir='ltr'>Pnnmr</span> <span class='ocrx_word' id='word_1_3' title='bbox 665 459 876 528; x_wconf 78' lang='lat' dir='ltr'>Rusrrcr</span> <span class='ocrx_word' id='word_1_4' title='bbox 951 476 955 481; x_wconf 85' lang='lat'>·</span> 
     </span>
    </p>
   </div>
   <div class='ocr_carea' id='block_1_2' title="bbox 297 573 1090 955">
    <p class='ocr_par' dir='ltr' id='par_1_2' title="bbox 297 573 986 717">
     <span class='ocr_line' id='line_1_2' title="bbox 298 573 986 641; baseline 0.006 -16"><span class='ocrx_word' id='word_1_5' title='bbox 298 574 355 625; x_wconf 85' lang='lat' dir='ltr'>Non</span> <span class='ocrx_word' id='word_1_6' title='bbox 371 576 434 641; x_wconf 85' lang='lat' dir='ltr'>seges</span> <span class='ocrx_word' id='word_1_7' title='bbox 452 573 544 625; x_wconf 82' lang='lat' dir='ltr'>ardenti</span> <span class='ocrx_word' id='word_1_8' title='bbox 561 576 604 624; x_wconf 89' lang='lat' dir='ltr'>sub</span> <span class='ocrx_word' id='word_1_9' title='bbox 622 576 673 625; x_wconf 87' lang='lat' dir='ltr'>sole</span> <span class='ocrx_word' id='word_1_10' title='bbox 687 574 819 637; x_wconf 81' lang='lat' dir='ltr'>metenda,</span> <span class='ocrx_word' id='word_1_11' title='bbox 836 594 881 627; x_wconf 89' lang='lat' dir='ltr'>nec</span> <span class='ocrx_word' id='word_1_12' title='bbox 894 578 986 629; x_wconf 85' lang='lat' dir='ltr'>imbres</span> 
     </span>
     <span class='ocr_line' id='line_1_3' title="bbox 297 648 901 717; baseline 0.005 -18"><span class='ocrx_word' id='word_1_13' title='bbox 297 650 362 714; x_wconf 74' lang='lat' dir='ltr'>inter</span> <span class='ocrx_word' id='word_1_14' title='bbox 377 683 386 709; x_wconf 91' lang='lat'>,</span> <span class='ocrx_word' id='word_1_15' title='bbox 402 649 467 699; x_wconf 79' lang='lat' dir='ltr'>oliva</span> <span class='ocrx_word' id='word_1_16' title='bbox 481 666 553 699; x_wconf 88' lang='lat' dir='ltr'>manu</span> <span class='ocrx_word' id='word_1_17' title='bbox 570 651 639 699; x_wconf 85' lang='lat' dir='ltr'>nobis</span> <span class='ocrx_word' id='word_1_18' title='bbox 652 648 782 717; x_wconf 86' lang='lat' dir='ltr'>quatienda</span> <span class='ocrx_word' id='word_1_19' title='bbox 794 654 901 717; x_wconf 80' lang='lat' dir='ltr'>rigentis</span> 
     </span>
    </p>

    <p class='ocr_par' dir='ltr' id='par_1_3' title="bbox 298 726 867 796">
     <span class='ocr_line' id='line_1_4' title="bbox 298 726 867 796; baseline 0.007 -21"><span class='ocrx_word' id='word_1_20' title='bbox 298 726 355 776; x_wconf 85' lang='lat' dir='ltr'>Non</span> <span class='ocrx_word' id='word_1_21' title='bbox 371 726 517 779; x_wconf 74' lang='lat' dir='ltr'>inseuandus</span> <span class='ocrx_word' id='word_1_22' title='bbox 533 728 611 779; x_wconf 83' lang='lat' dir='ltr'>rastris</span> <span class='ocrx_word' id='word_1_23' title='bbox 627 728 750 796; x_wconf 87' lang='lat' dir='ltr'>operosior</span> <span class='ocrx_word' id='word_1_24' title='bbox 764 733 867 792; x_wconf 82' lang='lat' dir='ltr'>hortus,</span> 
     </span>
    </p>

    <p class='ocr_par' dir='ltr' id='par_1_4' title="bbox 298 805 1090 958">
     <span class='ocr_line' id='line_1_5' title="bbox 298 805 1090 874; baseline 0.008 -20"><span class='ocrx_word' id='word_1_25' title='bbox 298 805 350 855; x_wconf 88' lang='lat' dir='ltr'>Nec</span> <span class='ocrx_word' id='word_1_26' title='bbox 368 806 446 856; x_wconf 79' lang='lat' dir='ltr'>musio</span> <span class='ocrx_word' id='word_1_27' title='bbox 463 806 577 874; x_wconf 84' lang='lat' dir='ltr'>ringenda</span> <span class='ocrx_word' id='word_1_28' title='bbox 594 824 660 859; x_wconf 82' lang='lat' dir='ltr'>noro</span> <span class='ocrx_word' id='word_1_29' title='bbox 676 805 798 858; x_wconf 85' lang='lat' dir='ltr'>sordentia</span> <span class='ocrx_word' id='word_1_30' title='bbox 811 825 888 858; x_wconf 84' lang='lat' dir='ltr'>crura.</span> <span class='ocrx_word' id='word_1_31' title='bbox 1089 863 1090 866; x_wconf 53' lang='lat'>,</span> 
     </span>
     <span class='ocr_line' id='line_1_6' title="bbox 298 880 1016 955; baseline 0.008 -23"><span class='ocrx_word' id='word_1_32' title='bbox 298 880 419 951; x_wconf 77' lang='lat' dir='ltr'>Lanigerae</span> <span class='ocrx_word' id='word_1_33' title='bbox 430 888 513 951; x_wconf 86' lang='lat' dir='ltr'>procui</span> <span class='ocrx_word' id='word_1_34' title='bbox 524 891 580 937; x_wconf 85' lang='lat' dir='ltr'>hine</span> <span class='ocrx_word' id='word_1_35' title='bbox 591 886 706 954; x_wconf 63' lang='lat' dir='ltr'>pecudes,</span> <span class='ocrx_word' id='word_1_36' title='bbox 715 887 883 955; x_wconf 82' lang='lat' dir='ltr'>pecudumque</span> <span class='ocrx_word' id='word_1_37' title='bbox 892 890 1016 954; x_wconf 78' lang='lat' dir='ltr'>magistri,</span> 
     </span>
    </p>
   </div>
   <div class='ocr_carea' id='block_1_3' title="bbox 296 962 1089 3118">
    <p class='ocr_par' dir='ltr' id='par_1_5' title="bbox 298 962 962 1184">
     <span class='ocr_line' id='line_1_7' title="bbox 299 962 962 1035; baseline 0.008 -23"><span class='ocrx_word' id='word_1_38' title='bbox 299 962 455 1032; x_wconf 85' lang='lat' dir='ltr'>Mugitusque</span> <span class='ocrx_word' id='word_1_39' title='bbox 471 968 545 1017; x_wconf 87' lang='lat' dir='ltr'>boum</span> <span class='ocrx_word' id='word_1_40' title='bbox 558 986 563 1019; x_wconf 76' lang='grc' dir='ltr'><strong>ι</strong></span> <span class='ocrx_word' id='word_1_41' title='bbox 575 981 626 1019; x_wconf 83' lang='lat' dir='ltr'>non</span> <span class='ocrx_word' id='word_1_42' title='bbox 640 972 736 1019; x_wconf 82' lang='lat' dir='ltr'>auribus</span> <span class='ocrx_word' id='word_1_43' title='bbox 745 970 867 1035; x_wconf 76' lang='lat' dir='ltr'>obstrepet</span> <span class='ocrx_word' id='word_1_44' title='bbox 878 970 962 1026; x_wconf 73' lang='lat' dir='ltr'>enser3</span> 
     </span>
     <span class='ocr_line' id='line_1_8' title="bbox 299 1040 928 1112; baseline 0.008 -22"><span class='ocrx_word' id='word_1_45' title='bbox 299 1040 357 1091; x_wconf 88' lang='lat' dir='ltr'>Non</span> <span class='ocrx_word' id='word_1_46' title='bbox 373 1042 423 1092; x_wconf 72' lang='lat' dir='ltr'>alre</span> <span class='ocrx_word' id='word_1_47' title='bbox 437 1046 482 1093; x_wconf 88' lang='lat' dir='ltr'>tibi</span> <span class='ocrx_word' id='word_1_48' title='bbox 496 1045 560 1095; x_wconf 87' lang='lat' dir='ltr'>triste</span> <span class='ocrx_word' id='word_1_49' title='bbox 573 1062 670 1112; x_wconf 77' lang='lat' dir='ltr'>gement</span> <span class='ocrx_word' id='word_1_50' title='bbox 684 1064 697 1096; x_wconf 87' lang='lat' dir='ltr'>e</span> <span class='ocrx_word' id='word_1_51' title='bbox 714 1060 778 1096; x_wconf 85' lang='lat' dir='ltr'>turre</span> <span class='ocrx_word' id='word_1_52' title='bbox 789 1046 928 1104; x_wconf 76' lang='lat' dir='ltr'>coiumb23</span> 
     </span>
     <span class='ocr_line' id='line_1_9' title="bbox 298 1116 835 1184; baseline 0.009 -20"><span class='ocrx_word' id='word_1_53' title='bbox 298 1116 366 1166; x_wconf 78' lang='lat' dir='ltr'>lratae</span> <span class='ocrx_word' id='word_1_54' title='bbox 381 1134 426 1167; x_wconf 88' lang='lat' dir='ltr'>nec</span> <span class='ocrx_word' id='word_1_55' title='bbox 444 1122 494 1184; x_wconf 84' lang='lat' dir='ltr'>apis</span> <span class='ocrx_word' id='word_1_56' title='bbox 511 1122 602 1171; x_wconf 84' lang='lat' dir='ltr'>morsus</span> <span class='ocrx_word' id='word_1_57' title='bbox 615 1125 641 1171; x_wconf 73' lang='lat' dir='ltr'>bt</span> <span class='ocrx_word' id='word_1_58' title='bbox 658 1122 707 1171; x_wconf 80' lang='lat' dir='ltr'>teia</span> <span class='ocrx_word' id='word_1_59' title='bbox 720 1123 835 1181; x_wconf 74' lang='lat' dir='ltr'>timebis3</span> 
     </span>
    </p>

    <p class='ocr_par' dir='ltr' id='par_1_6' title="bbox 296 1194 935 1485">
     <span class='ocr_line' id='line_1_10' title="bbox 298 1194 906 1265; baseline 0.012 -23"><span class='ocrx_word' id='word_1_60' title='bbox 298 1194 350 1243; x_wconf 87' lang='lat' dir='ltr'>Nec</span> <span class='ocrx_word' id='word_1_61' title='bbox 367 1195 445 1245; x_wconf 85' lang='lat' dir='ltr'>ienrus</span> <span class='ocrx_word' id='word_1_62' title='bbox 460 1196 546 1247; x_wconf 85' lang='lat' dir='ltr'>resides</span> <span class='ocrx_word' id='word_1_63' title='bbox 563 1198 634 1249; x_wconf 87' lang='lat' dir='ltr'>stabis</span> <span class='ocrx_word' id='word_1_64' title='bbox 649 1202 752 1265; x_wconf 75' lang='lat' dir='ltr'>piscator</span> <span class='ocrx_word' id='word_1_65' title='bbox 765 1198 796 1249; x_wconf 88' lang='lat' dir='ltr'>ad</span> <span class='ocrx_word' id='word_1_66' title='bbox 811 1197 906 1260; x_wconf 87' lang='lat' dir='ltr'>undas,</span> 
     </span>
     <span class='ocr_line' id='line_1_11' title="bbox 296 1268 935 1323; baseline 0.003 -5"><span class='ocrx_word' id='word_1_67' title='bbox 296 1268 429 1319; x_wconf 76' lang='lat' dir='ltr'>flamarum</span> <span class='ocrx_word' id='word_1_68' title='bbox 445 1272 547 1321; x_wconf 85' lang='lat' dir='ltr'>tremuia</span> <span class='ocrx_word' id='word_1_69' title='bbox 563 1270 702 1323; x_wconf 84' lang='lat' dir='ltr'>moderatus</span> <span class='ocrx_word' id='word_1_70' title='bbox 716 1270 832 1322; x_wconf 83' lang='lat' dir='ltr'>anmdine</span> <span class='ocrx_word' id='word_1_71' title='bbox 844 1271 935 1321; x_wconf 84' lang='lat' dir='ltr'>linum.</span> 
     </span>
     <span class='ocr_line' id='line_1_12' title="bbox 298 1344 925 1415; baseline 0.01 -22"><span class='ocrx_word' id='word_1_72' title='bbox 298 1344 424 1395; x_wconf 86' lang='lat' dir='ltr'>Nobiliore</span> <span class='ocrx_word' id='word_1_73' title='bbox 443 1347 504 1397; x_wconf 86' lang='lat' dir='ltr'>feras</span> <span class='ocrx_word' id='word_1_74' title='bbox 521 1346 617 1410; x_wconf 85' lang='lat' dir='ltr'>studio,</span> <span class='ocrx_word' id='word_1_75' title='bbox 634 1366 707 1415; x_wconf 87' lang='lat' dir='ltr'>genus</span> <span class='ocrx_word' id='word_1_76' title='bbox 722 1366 775 1399; x_wconf 85' lang='lat' dir='ltr'>acre</span> <span class='ocrx_word' id='word_1_77' title='bbox 792 1349 925 1414; x_wconf 86' lang='lat' dir='ltr'>luporum,</span> 
     </span>
     <span class='ocr_line' id='line_1_13' title="bbox 298 1421 865 1485; baseline 0.007 -13"><span class='ocrx_word' id='word_1_78' title='bbox 298 1421 330 1472; x_wconf 82' lang='lat' dir='ltr'>Er</span> <span class='ocrx_word' id='word_1_79' title='bbox 345 1424 446 1474; x_wconf 84' lang='lat' dir='ltr'>celerem</span> <span class='ocrx_word' id='word_1_80' title='bbox 460 1425 532 1476; x_wconf 82' lang='lat' dir='ltr'>saltus</span> <span class='ocrx_word' id='word_1_81' title='bbox 549 1429 614 1476; x_wconf 88' lang='lat' dir='ltr'>intra</span> <span class='ocrx_word' id='word_1_82' title='bbox 625 1428 742 1485; x_wconf 72' lang='lat' dir='ltr'>venabere</span> <span class='ocrx_word' id='word_1_83' title='bbox 758 1442 865 1476; x_wconf 83' lang='lat' dir='ltr'>cerrum.</span> 
     </span>
    </p>

    <p class='ocr_par' dir='ltr' id='par_1_7' title="bbox 299 1498 1031 1873">
     <span class='ocr_line' id='line_1_14' title="bbox 334 1498 1031 1568; baseline 0.004 -20"><span class='ocrx_word' id='word_1_84' title='bbox 334 1498 413 1559; x_wconf 85' lang='lat' dir='ltr'>Quare</span> <span class='ocrx_word' id='word_1_85' title='bbox 423 1516 481 1565; x_wconf 78' lang='lat' dir='ltr'>age,</span> <span class='ocrx_word' id='word_1_86' title='bbox 493 1500 622 1551; x_wconf 75' lang='lat' dir='ltr'>Launaeum</span> <span class='ocrx_word' id='word_1_87' title='bbox 631 1517 717 1560; x_wconf 80' lang='lat' dir='ltr'>nemus</span> <span class='ocrx_word' id='word_1_88' title='bbox 727 1498 906 1566; x_wconf 84' lang='lat' dir='ltr'>ingrediamur:</span> <span class='ocrx_word' id='word_1_89' title='bbox 916 1515 1031 1568; x_wconf 80' lang='lat' dir='ltr'>aquarum</span> 
     </span>
     <span class='ocr_line' id='line_1_15' title="bbox 299 1571 906 1642; baseline 0.008 -21"><span class='ocrx_word' id='word_1_90' title='bbox 299 1571 379 1623; x_wconf 79' lang='lat' dir='ltr'>Audio</span> <span class='ocrx_word' id='word_1_91' title='bbox 394 1578 526 1642; x_wconf 69' lang='lat' dir='ltr'>precipites</span> <span class='ocrx_word' id='word_1_92' title='bbox 540 1575 637 1641; x_wconf 84' lang='lat' dir='ltr'>lapsus,</span> <span class='ocrx_word' id='word_1_93' title='bbox 651 1577 778 1625; x_wconf 87' lang='lat' dir='ltr'>tenebrosa</span> <span class='ocrx_word' id='word_1_94' title='bbox 792 1575 906 1640; x_wconf 72' lang='lat' dir='ltr'>iocorum</span> 
     </span>
     <span class='ocr_line' id='line_1_16' title="bbox 299 1649 946 1719; baseline 0.003 -20"><span class='ocrx_word' id='word_1_95' title='bbox 299 1652 434 1719; x_wconf 79' lang='lat' dir='ltr'>Asperaque</span> <span class='ocrx_word' id='word_1_96' title='bbox 449 1656 566 1714; x_wconf 83' lang='lat' dir='ltr'>intueor,</span> <span class='ocrx_word' id='word_1_97' title='bbox 583 1650 708 1719; x_wconf 77' lang='lat' dir='ltr'>densique</span> <span class='ocrx_word' id='word_1_98' title='bbox 733 1655 835 1718; x_wconf 73' lang='lat' dir='ltr'>rigentia</span> <span class='ocrx_word' id='word_1_99' title='bbox 856 1649 946 1701; x_wconf 84' lang='lat' dir='ltr'>dumis.</span> 
     </span>
     <span class='ocr_line' id='line_1_17' title="bbox 299 1726 971 1796; baseline 0.004 -21"><span class='ocrx_word' id='word_1_100' title='bbox 299 1726 344 1777; x_wconf 89' lang='lat' dir='ltr'>ille</span> <span class='ocrx_word' id='word_1_101' title='bbox 361 1728 416 1779; x_wconf 86' lang='lat' dir='ltr'>seris</span> <span class='ocrx_word' id='word_1_102' title='bbox 432 1730 511 1796; x_wconf 86' lang='lat' dir='ltr'>placet</span> <span class='ocrx_word' id='word_1_103' title='bbox 530 1733 631 1779; x_wconf 83' lang='lat' dir='ltr'>horrore</span> <span class='ocrx_word' id='word_1_104' title='bbox 649 1743 732 1779; x_wconf 87' lang='lat' dir='ltr'>amant</span> <span class='ocrx_word' id='word_1_105' title='bbox 747 1744 877 1793; x_wconf 79' lang='lat' dir='ltr'>peropaca</span> <span class='ocrx_word' id='word_1_106' title='bbox 891 1732 971 1793; x_wconf 85' lang='lat' dir='ltr'>jacere</span> 
     </span>
     <span class='ocr_line' id='line_1_18' title="bbox 299 1805 907 1873; baseline 0.003 -19"><span class='ocrx_word' id='word_1_107' title='bbox 299 1806 420 1857; x_wconf 78' lang='lat' dir='ltr'>Silvarum</span> <span class='ocrx_word' id='word_1_108' title='bbox 436 1809 560 1873; x_wconf 85' lang='lat' dir='ltr'>virgulta,</span> <span class='ocrx_word' id='word_1_109' title='bbox 577 1810 631 1858; x_wconf 89' lang='lat' dir='ltr'>suos</span> <span class='ocrx_word' id='word_1_110' title='bbox 647 1810 682 1858; x_wconf 89' lang='lat' dir='ltr'>ibi</span> <span class='ocrx_word' id='word_1_111' title='bbox 697 1805 907 1866; x_wconf 65' lang='lat' dir='ltr'>condensatus,</span> 
     </span>
    </p>

    <p class='ocr_par' dir='ltr' id='par_1_8' title="bbox 300 1882 1077 1951">
     <span class='ocr_line' id='line_1_19' title="bbox 300 1882 1077 1951; baseline 0.004 -22"><span class='ocrx_word' id='word_1_112' title='bbox 300 1882 331 1931; x_wconf 86' lang='lat' dir='ltr'>Et</span> <span class='ocrx_word' id='word_1_113' title='bbox 349 1885 433 1949; x_wconf 89' lang='lat' dir='ltr'>procul</span> <span class='ocrx_word' id='word_1_114' title='bbox 449 1902 463 1933; x_wconf 87' lang='lat' dir='ltr'>a</span> <span class='ocrx_word' id='word_1_115' title='bbox 477 1886 573 1951; x_wconf 87' lang='lat' dir='ltr'>strepitu</span> <span class='ocrx_word' id='word_1_116' title='bbox 588 1888 696 1934; x_wconf 77' lang='lat' dir='ltr'>secueram</span> <span class='ocrx_word' id='word_1_117' title='bbox 713 1885 829 1934; x_wconf 82' lang='lat' dir='ltr'>accersere</span> <span class='ocrx_word' id='word_1_118' title='bbox 844 1884 971 1933; x_wconf 86' lang='lat' dir='ltr'>somnum.</span> <span class='ocrx_word' id='word_1_119' title='bbox 1073 1894 1077 1901; x_wconf 84' lang='grc'>·</span> 
     </span>
    </p>

    <p class='ocr_par' dir='ltr' id='par_1_9' title="bbox 299 1957 1089 2335">
     <span class='ocr_line' id='line_1_20' title="bbox 333 1957 925 2026; baseline 0.003 -20"><span class='ocrx_word' id='word_1_120' title='bbox 333 1957 370 2006; x_wconf 86' lang='lat' dir='ltr'>En</span> <span class='ocrx_word' id='word_1_121' title='bbox 388 1972 414 2008; x_wconf 88' lang='lat' dir='ltr'>ur</span> <span class='ocrx_word' id='word_1_122' title='bbox 429 1957 495 2010; x_wconf 84' lang='lat' dir='ltr'>dives</span> <span class='ocrx_word' id='word_1_123' title='bbox 510 1976 576 2026; x_wconf 77' lang='lat' dir='ltr'>aqua</span> <span class='ocrx_word' id='word_1_124' title='bbox 593 1963 658 2011; x_wconf 78' lang='lat' dir='ltr'>tirus</span> <span class='ocrx_word' id='word_1_125' title='bbox 675 1976 717 2026; x_wconf 84' lang='lat' dir='ltr'>per</span> <span class='ocrx_word' id='word_1_126' title='bbox 732 1962 843 2026; x_wconf 84' lang='lat' dir='ltr'>gramina</span> <span class='ocrx_word' id='word_1_127' title='bbox 858 1957 925 2008; x_wconf 75' lang='lat' dir='ltr'>latas</span> 
     </span>
     <span class='ocr_line' id='line_1_21' title="bbox 299 2033 1089 2103; baseline 0.001 -21"><span class='ocrx_word' id='word_1_128' title='bbox 299 2033 370 2100; x_wconf 85' lang='lat' dir='ltr'>Itque</span> <span class='ocrx_word' id='word_1_129' title='bbox 379 2033 488 2102; x_wconf 80' lang='lat' dir='ltr'>reditque</span> <span class='ocrx_word' id='word_1_130' title='bbox 498 2039 564 2096; x_wconf 84' lang='lat' dir='ltr'>vias,</span> <span class='ocrx_word' id='word_1_131' title='bbox 576 2035 707 2103; x_wconf 84' lang='lat' dir='ltr'>filramque</span> <span class='ocrx_word' id='word_1_132' title='bbox 720 2035 871 2102; x_wconf 75' lang='lat' dir='ltr'>perambuiar</span> <span class='ocrx_word' id='word_1_133' title='bbox 882 2051 1001 2096; x_wconf 72' lang='lat' dir='ltr'>omnem</span> <span class='ocrx_word' id='word_1_134' title='bbox 1088 2038 1089 2043; x_wconf 78' lang='grc'>’</span> 
     </span>
     <span class='ocr_line' id='line_1_22' title="bbox 300 2112 926 2180; baseline 0 -19"><span class='ocrx_word' id='word_1_135' title='bbox 300 2112 407 2164; x_wconf 88' lang='lat' dir='ltr'>incertus</span> <span class='ocrx_word' id='word_1_136' title='bbox 423 2112 471 2180; x_wconf 70' lang='lat' dir='ltr'>qud</span> <span class='ocrx_word' id='word_1_137' title='bbox 487 2128 554 2180; x_wconf 85' lang='lat' dir='ltr'>parte</span> <span class='ocrx_word' id='word_1_138' title='bbox 571 2112 651 2175; x_wconf 88' lang='lat' dir='ltr'>fluat,</span> <span class='ocrx_word' id='word_1_139' title='bbox 668 2130 718 2179; x_wconf 88' lang='lat' dir='ltr'>quo</span> <span class='ocrx_word' id='word_1_140' title='bbox 734 2115 830 2163; x_wconf 83' lang='lat' dir='ltr'>tramite</span> <span class='ocrx_word' id='word_1_141' title='bbox 848 2128 926 2162; x_wconf 78' lang='lat' dir='ltr'>cacos</span> 
     </span>
     <span class='ocr_line' id='line_1_23' title="bbox 299 2185 902 2257; baseline -0.007 -17"><span class='ocrx_word' id='word_1_142' title='bbox 299 2189 392 2241; x_wconf 85' lang='lat' dir='ltr'>Evadat</span> <span class='ocrx_word' id='word_1_143' title='bbox 406 2191 478 2240; x_wconf 74' lang='lat' dir='ltr'>saluis</span> <span class='ocrx_word' id='word_1_144' title='bbox 490 2208 496 2239; x_wconf 84' lang='lat' dir='ltr'>s</span> <span class='ocrx_word' id='word_1_145' title='bbox 508 2192 602 2257; x_wconf 84' lang='lat' dir='ltr'>quoties</span> <span class='ocrx_word' id='word_1_146' title='bbox 618 2189 681 2239; x_wconf 79' lang='lat' dir='ltr'>beui</span> <span class='ocrx_word' id='word_1_147' title='bbox 694 2185 765 2238; x_wconf 76' lang='lat' dir='ltr'>lassus</span> <span class='ocrx_word' id='word_1_148' title='bbox 782 2191 807 2238; x_wconf 74' lang='grc' dir='ltr'>δι</span> <span class='ocrx_word' id='word_1_149' title='bbox 821 2189 902 2253; x_wconf 77' lang='lat' dir='ltr'>exspes</span> 
     </span>
     <span class='ocr_line' id='line_1_24' title="bbox 301 2263 977 2335; baseline -0.001 -18"><span class='ocrx_word' id='word_1_150' title='bbox 301 2267 352 2318; x_wconf 84' lang='lat' dir='ltr'>Hac</span> <span class='ocrx_word' id='word_1_151' title='bbox 367 2269 459 2320; x_wconf 85' lang='lat' dir='ltr'>Cervus</span> <span class='ocrx_word' id='word_1_152' title='bbox 474 2272 550 2321; x_wconf 82' lang='lat' dir='ltr'>vitam</span> <span class='ocrx_word' id='word_1_153' title='bbox 562 2303 571 2329; x_wconf 89' lang='lat'><strong><em>‚</em></strong></span> <span class='ocrx_word' id='word_1_154' title='bbox 583 2283 655 2335; x_wconf 89' lang='lat' dir='ltr'>atque</span> <span class='ocrx_word' id='word_1_155' title='bbox 667 2266 733 2318; x_wconf 80' lang='lat' dir='ltr'>fitius</span> <span class='ocrx_word' id='word_1_156' title='bbox 743 2265 850 2333; x_wconf 81' lang='lat' dir='ltr'>deponet</span> <span class='ocrx_word' id='word_1_157' title='bbox 863 2268 890 2315; x_wconf 91' lang='lat' dir='ltr'>in</span> <span class='ocrx_word' id='word_1_158' title='bbox 901 2263 977 2316; x_wconf 82' lang='lat' dir='ltr'>unda.</span> 
     </span>
    </p>

    <p class='ocr_par' dir='ltr' id='par_1_10' title="bbox 300 2346 982 3118">
     <span class='ocr_line' id='line_1_25' title="bbox 333 2346 870 2407; baseline -0.007 -10"><span class='ocrx_word' id='word_1_159' title='bbox 333 2346 392 2407; x_wconf 75' lang='lat' dir='ltr'>Qua</span> <span class='ocrx_word' id='word_1_160' title='bbox 406 2348 450 2396; x_wconf 91' lang='lat' dir='ltr'>tibi</span> <span class='ocrx_word' id='word_1_161' title='bbox 465 2346 597 2396; x_wconf 78' lang='lat' dir='ltr'>mobilibus</span> <span class='ocrx_word' id='word_1_162' title='bbox 611 2346 658 2394; x_wconf 90' lang='lat' dir='ltr'>iate</span> <span class='ocrx_word' id='word_1_163' title='bbox 672 2348 796 2394; x_wconf 85' lang='lat' dir='ltr'>vernantia</span> <span class='ocrx_word' id='word_1_164' title='bbox 812 2346 870 2393; x_wconf 76' lang='lat' dir='ltr'>rivis</span> 
     </span>
     <span class='ocr_line' id='line_1_26' title="bbox 300 2419 936 2483; baseline -0.005 -11"><span class='ocrx_word' id='word_1_165' title='bbox 300 2422 370 2474; x_wconf 83' lang='lat' dir='ltr'>Prata</span> <span class='ocrx_word' id='word_1_166' title='bbox 385 2427 483 2483; x_wconf 83' lang='lat' dir='ltr'>virent,</span> <span class='ocrx_word' id='word_1_167' title='bbox 499 2425 578 2473; x_wconf 83' lang='lat' dir='ltr'>herbis</span> <span class='ocrx_word' id='word_1_168' title='bbox 595 2422 665 2472; x_wconf 86' lang='lat' dir='ltr'>nuilo</span> <span class='ocrx_word' id='word_1_169' title='bbox 683 2423 841 2472; x_wconf 82' lang='lat' dir='ltr'>morientibus</span> <span class='ocrx_word' id='word_1_170' title='bbox 859 2419 936 2481; x_wconf 69' lang='lat' dir='ltr'>aru,</span> 
     </span>
     <span class='ocr_line' id='line_1_27' title="bbox 301 2498 938 2567; baseline -0.008 -17"><span class='ocrx_word' id='word_1_171' title='bbox 301 2500 412 2550; x_wconf 87' lang='lat' dir='ltr'>Triticeis</span> <span class='ocrx_word' id='word_1_172' title='bbox 434 2501 516 2550; x_wconf 82' lang='lat' dir='ltr'>albent</span> <span class='ocrx_word' id='word_1_173' title='bbox 532 2515 584 2567; x_wconf 73' lang='lat' dir='ltr'>que</span> <span class='ocrx_word' id='word_1_174' title='bbox 603 2501 711 2549; x_wconf 76' lang='lat' dir='ltr'>menibus</span> <span class='ocrx_word' id='word_1_175' title='bbox 728 2513 803 2558; x_wconf 83' lang='lat' dir='ltr'>arva,</span> <span class='ocrx_word' id='word_1_176' title='bbox 817 2498 938 2564; x_wconf 78' lang='lat' dir='ltr'>relinques</span> 
     </span>
     <span class='ocr_line' id='line_1_28' title="bbox 301 2577 918 2642; baseline -0.006 -14"><span class='ocrx_word' id='word_1_177' title='bbox 301 2577 426 2628; x_wconf 76' lang='lat' dir='ltr'>Pascendis</span> <span class='ocrx_word' id='word_1_178' title='bbox 442 2581 533 2627; x_wconf 85' lang='lat' dir='ltr'>inarata</span> <span class='ocrx_word' id='word_1_179' title='bbox 547 2578 612 2627; x_wconf 78' lang='lat' dir='ltr'>seris.</span> <span class='ocrx_word' id='word_1_180' title='bbox 629 2577 756 2627; x_wconf 76' lang='lat' dir='ltr'>Uberrima</span> <span class='ocrx_word' id='word_1_181' title='bbox 771 2589 918 2642; x_wconf 83' lang='lat' dir='ltr'>quamquam</span> 
     </span>
     <span class='ocr_line' id='line_1_29' title="bbox 302 2649 979 2720; baseline -0.01 -12"><span class='ocrx_word' id='word_1_182' title='bbox 302 2657 392 2708; x_wconf 80' lang='lat' dir='ltr'>Vesiiar</span> <span class='ocrx_word' id='word_1_183' title='bbox 407 2657 479 2707; x_wconf 81' lang='lat' dir='ltr'>herba</span> <span class='ocrx_word' id='word_1_184' title='bbox 494 2654 593 2715; x_wconf 77' lang='lat' dir='ltr'>seium,</span> <span class='ocrx_word' id='word_1_185' title='bbox 611 2658 710 2720; x_wconf 77' lang='lat' dir='ltr'>pingues</span> <span class='ocrx_word' id='word_1_186' title='bbox 725 2657 751 2704; x_wconf 75' lang='lat' dir='ltr'>de</span> <span class='ocrx_word' id='word_1_187' title='bbox 763 2654 793 2702; x_wconf 90' lang='lat' dir='ltr'>ab</span> <span class='ocrx_word' id='word_1_188' title='bbox 808 2651 865 2704; x_wconf 84' lang='lat' dir='ltr'>ilice</span> <span class='ocrx_word' id='word_1_189' title='bbox 882 2649 979 2718; x_wconf 78' lang='lat' dir='ltr'>glandes</span> 
     </span>
     <span class='ocr_line' id='line_1_30' title="bbox 302 2732 925 2800; baseline -0.01 -13"><span class='ocrx_word' id='word_1_190' title='bbox 302 2735 422 2788; x_wconf 82' lang='lat' dir='ltr'>Turbidus</span> <span class='ocrx_word' id='word_1_191' title='bbox 439 2737 541 2786; x_wconf 78' lang='lat' dir='ltr'>excutiat</span> <span class='ocrx_word' id='word_1_192' title='bbox 555 2738 638 2800; x_wconf 83' lang='lat' dir='ltr'>pennis</span> <span class='ocrx_word' id='word_1_193' title='bbox 653 2732 804 2784; x_wconf 69' lang='lat' dir='ltr'>stridentibus</span> <span class='ocrx_word' id='word_1_194' title='bbox 819 2732 925 2791; x_wconf 67' lang='lat' dir='ltr'>Austers</span> 
     </span>
     <span class='ocr_line' id='line_1_31' title="bbox 302 2809 937 2879; baseline -0.011 -13"><span class='ocrx_word' id='word_1_195' title='bbox 302 2815 368 2867; x_wconf 76' lang='lat' dir='ltr'>cem</span> <span class='ocrx_word' id='word_1_196' title='bbox 384 2819 424 2866; x_wconf 85' lang='lat' dir='ltr'>nix</span> <span class='ocrx_word' id='word_1_197' title='bbox 438 2831 492 2866; x_wconf 82' lang='lat' dir='ltr'>arva</span> <span class='ocrx_word' id='word_1_198' title='bbox 507 2829 590 2879; x_wconf 84' lang='lat' dir='ltr'>teget,</span> <span class='ocrx_word' id='word_1_199' title='bbox 607 2812 646 2863; x_wconf 80' lang='lat' dir='ltr'>rel</span> <span class='ocrx_word' id='word_1_200' title='bbox 662 2814 733 2862; x_wconf 87' lang='lat' dir='ltr'>inerti</span> <span class='ocrx_word' id='word_1_201' title='bbox 752 2811 842 2876; x_wconf 83' lang='lat' dir='ltr'>frigore</span> <span class='ocrx_word' id='word_1_202' title='bbox 857 2809 937 2860; x_wconf 86' lang='lat' dir='ltr'>nudos</span> 
     </span>
     <span class='ocr_line' id='line_1_32' title="bbox 303 2890 982 2959; baseline -0.01 -14"><span class='ocrx_word' id='word_1_203' title='bbox 303 2895 378 2946; x_wconf 85' lang='lat' dir='ltr'>Terra</span> <span class='ocrx_word' id='word_1_204' title='bbox 391 2895 452 2945; x_wconf 81' lang='lat' dir='ltr'>sinus</span> <span class='ocrx_word' id='word_1_205' title='bbox 467 2895 631 2959; x_wconf 61' lang='lat' dir='ltr'>constringere</span> <span class='ocrx_word' id='word_1_206' title='bbox 646 2896 691 2943; x_wconf 88' lang='lat' dir='ltr'>erit</span> <span class='ocrx_word' id='word_1_207' title='bbox 706 2891 838 2959; x_wconf 89' lang='lat' dir='ltr'>supplenda</span> <span class='ocrx_word' id='word_1_208' title='bbox 852 2908 895 2957; x_wconf 85' lang='lat' dir='ltr'>per</span> <span class='ocrx_word' id='word_1_209' title='bbox 909 2890 982 2939; x_wconf 84' lang='lat' dir='ltr'>altum</span> 
     </span>
     <span class='ocr_line' id='line_1_33' title="bbox 303 2967 957 3036; baseline -0.011 -13"><span class='ocrx_word' id='word_1_210' title='bbox 303 2974 392 3023; x_wconf 83' lang='lat' dir='ltr'>Siccior</span> <span class='ocrx_word' id='word_1_211' title='bbox 407 2975 480 3022; x_wconf 84' lang='lat' dir='ltr'>herba</span> <span class='ocrx_word' id='word_1_212' title='bbox 497 2989 580 3022; x_wconf 86' lang='lat' dir='ltr'>nemus</span> <span class='ocrx_word' id='word_1_213' title='bbox 593 2989 601 3031; x_wconf 85' lang='lat'>;</span> <span class='ocrx_word' id='word_1_214' title='bbox 616 2970 694 3036; x_wconf 77' lang='lat' dir='ltr'>posito</span> <span class='ocrx_word' id='word_1_215' title='bbox 706 2970 757 3036; x_wconf 81' lang='lat' dir='ltr'>qub</span> <span class='ocrx_word' id='word_1_216' title='bbox 769 2967 842 3020; x_wconf 83' lang='lat' dir='ltr'>dama</span> <span class='ocrx_word' id='word_1_217' title='bbox 854 2985 957 3033; x_wconf 87' lang='lat' dir='ltr'>pavore,</span> 
     </span>
     <span class='ocr_line' id='line_1_34' title="bbox 301 3042 979 3118; baseline -0.009 -18"><span class='ocrx_word' id='word_1_218' title='bbox 301 3049 360 3113; x_wconf 77' lang='lat' dir='ltr'>,Qub</span> <span class='ocrx_word' id='word_1_219' title='bbox 375 3051 480 3118; x_wconf 82' lang='lat' dir='ltr'>lepores,</span> <span class='ocrx_word' id='word_1_220' title='bbox 495 3047 545 3116; x_wconf 75' lang='lat' dir='ltr'>qud</span> <span class='ocrx_word' id='word_1_221' title='bbox 561 3063 643 3100; x_wconf 79' lang='lat' dir='ltr'>torvus</span> <span class='ocrx_word' id='word_1_222' title='bbox 658 3063 734 3114; x_wconf 83' lang='lat' dir='ltr'>aper,</span> <span class='ocrx_word' id='word_1_223' title='bbox 751 3047 873 3113; x_wconf 66' lang='lat' dir='ltr'>pietusque</span> <span class='ocrx_word' id='word_1_224' title='bbox 890 3042 979 3096; x_wconf 77' lang='lat' dir='ltr'>decoris</span> 
     </span>
    </p>
   </div>
   <div class='ocr_carea' id='block_1_4' title="bbox 0 0 1192 3975">
    <p class='ocr_par' dir='ltr' id='par_1_11' title="bbox 0 0 1192 3975">
     <span class='ocr_line' id='line_1_35' title="bbox 0 0 1192 3975; baseline 0 0"><span class='ocrx_word' id='word_1_225' title='bbox 0 0 1192 3975; x_wconf 95' lang='lat' dir='ltr'> </span> 
     </span>
    </p>
   </div>
  </div>
 </body>
</html>
