2359 3975
392 463 589 533 Ltn'nn
630 467 673 534 Va
830 486 898 536 -ttt
963 537 966 541 ,

170 581 254 636 Infitio
267 602 276 644 3
290 581 381 649 liquos
398 598 477 635 tamen
493 582 620 634 emendare
635 584 757 649 placebit,

168 660 219 710 Aut
236 676 286 708 uno
301 661 380 709 varios
396 672 481 707 trunco
499 655 645 707 confundere
661 656 771 716 fruitus,

170 735 229 787 Non
240 735 341 801 simplex
355 733 442 784 modus
458 734 489 784 est
500 733 606 784 alienum
615 737 746 784 immittere
756 750 864 799 germen.

200 813 276 864 Filius
289 817 355 862 enim
367 813 459 878 scalpro
472 829 553 863 cortex
568 817 671 879 aperitur
682 829 770 864 acuto:
793 872 797 876 ¹

169 891 228 943 Non
238 889 340 958 tamen(
351 905 378 940 ut
389 890 479 940 Vatum
490 893 599 955 princeps
608 890 767 958 monstrabat)
782 893 807 938 in
818 891 870 954 ipso

170 969 226 1029 Qui
241 971 334 1018 tunicas
351 965 435 1016 oculus
451 969 563 1032 rumpit,
578 965 606 1016 fit
620 967 709 1018 rimula
723 965 790 1016 nodo
802 984 811 1025 3

169 1045 217 1097 Sed
234 1049 315 1112 potina
330 1045 379 1112 qui
395 1047 419 1094 se
434 1045 529 1096 nullum
542 1044 572 1096 de
588 1049 678 1096 cortice
695 1044 772 1096 trudit

170 1127 296 1183 Gemitu,
309 1124 349 1172 ubi
361 1121 453 1174 nitidus
469 1122 535 1172 locut
551 1123 601 1183 est,
618 1127 643 1172 δι
660 1122 727 1172 nulia
742 1125 861 1181 cicatrix3

170 1199 207 1251 Ex
221 1201 268 1250 alia
285 1215 349 1250 tenet
365 1201 413 1249 huc
428 1198 558 1250 includitur
575 1201 658 1250 arbore
675 1217 762 1250 ramus.

204 1277 251 1327 Vel
262 1279 322 1326 taeso
332 1279 359 1325 in
369 1279 430 1326 scuti
442 1277 528 1326 fatiem
538 1294 594 1326 cum
609 1282 716 1337 cortice,
726 1295 846 1344 gemmam

172 1355 248 1405 Felici
266 1371 348 1403 natam
363 1353 431 1403 tollit
445 1352 474 1404 de
489 1354 558 1419 stirpe
572 1355 694 1415 colonus,

172 1429 261 1495 Deque
278 1425 412 1478 maritanda
428 1428 560 1480 decorticat
575 1432 679 1490 arbore,
696 1433 813 1498 quanttim

173 1507 277 1556 Abstulit
290 1523 318 1554 ex
331 1505 378 1555 alia
391 1509 468 1555 corii:
482 1521 533 1556 tntu
550 1506 641 1558 ferdere
655 1513 718 1558 miro

174 1585 280 1634 Germen
295 1581 437 1650 adoptivum
450 1586 530 1648 spatiis
544 1584 675 1650 equalibus
692 1602 766 1650 aptat.

173 1657 339 1713 Commiisura
353 1661 405 1711 luto
422 1664 509 1726 tegitur
521 1678 530 1718 ¹,
545 1659 721 1727 constritiaque,
732 1662 799 1712 lento

174 1740 274 1790 Vimine
290 1756 406 1804 gemma,
421 1742 489 1790 novis
505 1737 616 1790 inolescit
629 1737 723 1788 sedibus
743 1741 824 1789 beret.

206 1817 336 1867 Arboribus
351 1815 449 1867 demum
463 1819 557 1881 supetat
567 1817 623 1868 etim
638 1817 752 1869 mollibus
766 1820 872 1883 humor,

173 1895 278 1960 Eligitur
293 1909 371 1954 teres,
386 1898 412 1944 δι
427 1891 538 1953 solidus,
554 1895 698 1962 gemmeique
714 1894 832 1961 frequenti

173 1973 304 2031 Surculum
319 1975 383 2021 hunc
399 1987 488 2023 acuunt
502 1971 565 2023 ferro
578 2008 587 2035 ,
601 1977 719 2040 cuneique
737 1973 841 2039 figurant

176 2054 207 2103 ln
221 2055 324 2118 speciem
334 2070 341 2100 t
352 2054 424 2100 tamis
440 2049 496 2100 dein
514 2051 650 2101 infelicibus
664 2055 735 2102 arbor

175 2131 297 2189 Exuitur,
311 2144 392 2179 vertex
409 2130 525 2179 resecatur
537 2147 546 2189 3
559 2134 584 2181 δι
598 2146 653 2181 ante
669 2133 768 2181 subatiis

175 2208 258 2271 Qudm
275 2206 355 2257 medii
373 2210 452 2257 cuneis
465 2210 504 2257 via
515 2206 615 2257 finditur
628 2210 730 2267 arbore,
745 2224 857 2259 truncum
875 2245 881 2250 -

177 2288 235 2355 (Nt
252 2290 356 2336 nimium
371 2278 484 2352 procedat
498 2288 565 2335 hiant
581 2284 697 2353 sciisura)
710 2291 788 2335 tenaci

176 2366 243 2413 Fune
261 2364 353 2428 ligant3
367 2366 480 2429 rimaeque
495 2362 560 2412 ferax
574 2365 715 2412 immittitur
731 2362 778 2411 alre

175 2441 288 2491 Surculus
308 2444 332 2489 bc
349 2440 439 2489 brumae
457 2442 546 2489 nimios
562 2439 696 2488 immobilis
712 2440 800 2489 imbres

175 2517 212 2569 Ut
227 2516 314 2567 toleret
330 2518 482 2582 ventosque,
498 2518 550 2565 luto
567 2519 722 2581 componitur
737 2534 784 2565 una

175 2596 294 2653 Musc1n3
311 2597 335 2643 bt
353 2597 448 2643 intortis
464 2594 577 2659 religatur
594 2593 666 2643 fascia
681 2595 776 2645 vinclis.

176 2671 284 2722 Inclusos
296 2668 369 2721 viridi
385 2687 438 2719 mos
452 2671 625 2737 est'aiiringere
639 2688 718 2721 ramos

175 2749 274 2798 Vimine
286 2768 292 2797 r
305 2766 349 2798 nos
367 2752 450 2814 juncos
464 2751 488 2797 δι
501 2748 586 2801 mollia
603 2750 683 2799 vincla
698 2751 844 2814 probamus;

175 2824 249 2889 Angit
265 2826 331 2873 enim
346 2824 470 2889 plantam,
482 2824 538 2874 etim
553 2829 634 2874 vimen
652 2828 738 2873 inaruit
753 2825 817 2873 aeliu.

210 2903 307 2952 Vertite
320 2916 433 2968 ptaetetea
448 2904 529 2960 caeso,
546 2902 602 2951 ctlm
617 2902 732 2968 plurimus
744 2904 833 2951 humor

175 2979 236 3031 Vere
247 2970 326 3031 subest
337 3014 346 3042 ,
359 2977 482 3029 hinc-inde
493 2978 604 3044 frequens
616 2980 659 3027 sub
669 2982 757 3028 cortice
767 2998 848 3031 rumne
