2359 3975
352 503 547 572 iluna
586 501 719 573 Vll-1.
808 503 898 597 ⁸177

164 623 215 678 Vel
230 621 308 674 luteos
326 621 413 672 humili
430 636 511 671 muros
526 637 671 686 componete
684 620 781 682 foma,
875 630 878 636 '

164 703 199 755 Et
212 701 297 769 procul
315 700 409 750 infestas
426 701 526 764 gemmis
543 715 621 748 arcere
637 698 749 763 capellae.

164 780 237 830 Tuni
255 781 328 828 etiam
343 776 440 842 longis,
453 778 509 824 anni
525 776 575 840 spes
590 775 685 835 altera,
699 775 770 825 sulcis

164 857 286 906 Obruitur
300 853 414 914 milium,
429 851 508 902 calidi
517 851 584 920 quod
601 852 667 917 pulte
680 853 790 906 colonos·

163 933 284 983 Sustineat
295 951 301 981 t
314 934 379 981 tenui
394 931 486 990 lentes,
499 933 524 979 δι
540 927 622 980 edacia
633 933 718 996 pingui

161 1010 284 1061 Cannaba
296 1007 381 1058 dantur
396 1009 487 1057 humo:
500 1021 556 1056 tunc
574 1021 709 1072 opportuna
720 1007 830 1058 fabatum

162 1088 195 1138 Et
212 1089 294 1136 ciceris
308 1087 383 1134 satior
396 1097 452 1134 tunc
469 1086 494 1132 δι
509 1085 577 1148 juvat
589 1080 680 1133 hordea
694 1088 780 1144 terris,
873 1126 877 1134 .

162 1163 328 1227 Arboreasque
343 1163 429 1208 iterum
444 1159 565 1208 scrobibus
577 1156 696 1224 deponere
710 1160 812 1225 plantat.

196 1237 318 1286 festinate
326 1237 372 1282 viri
383 1252 389 1282 ε
402 1249 478 1298 neque
493 1236 556 1282 enim
569 1231 657 1287 cellere
670 1234 770 1286 oolouot

161 1311 262 1364 Natura
277 1325 353 1359 novus
369 1311 394 1356 in
409 1322 503 1372 paruum
518 1305 573 1357 finit
585 1310 704 1374 impetus:
715 1325 785 1376 agros

161 1389 259 1442 Affidul
271 1389 362 1438 versate
376 1402 462 1436 manu:
476 1385 530 1436 date
547 1389 638 1438 semina
656 1391 744 1448 territa
761 1437 764 1444 ,

160 1463 257 1515 Fronde
273 1463 348 1513 levate
366 1478 467 1520 nemurt
480 1477 615 1528 vanumque
631 1461 729 1512 recidite
743 1463 842 1522 luxum3

161 1541 194 1592 Et
209 1541 295 1589 tenerit
313 1541 361 1604 jam
376 1551 428 1584 tum
442 1539 514 1584 tarnis
531 1539 648 1601 imponite
666 1553 769 1586 morem.

162 1619 228 1670 Nam
242 1635 322 1685 neque
338 1617 454 1682 relligio,
470 1632 513 1665 nec
528 1615 684 1682 quadraginta
702 1615 795 1669 dierum

163 1697 280 1764 (Ritibus
296 1692 388 1754 addixit
404 1695 479 1759 pietas
495 1709 555 1758 quos
568 1693 664 1758 publica
678 1693 766 1760 sactis)
870 1732 872 1735 .

159 1778 217 1827 Jura
229 1788 313 1825 vetant
328 1787 393 1823 terrae
410 1788 476 1821 curas
493 1771 604 1838 adhibere
621 1770 738 1823 colende.

160 1850 213 1901 Nos
225 1852 293 1914 inopi
308 1863 363 1897 tunc
377 1848 450 1913 longa
462 1845 563 1896 domant
576 1850 666 1913 jejunia
678 1848 750 1896 vitiu.

160 1926 219 1977 Haec
235 1939 331 1991 quoque
347 1920 376 1970 stt
391 1921 459 1972 vobis
471 1938 547 1986 poenae
562 1938 614 1989 part
628 1938 732 1990 magua,
747 1919 839 1972 labotes

160 2001 297 2056 Sustinuiffe
310 2000 400 2069 g'ravee.
415 2004 447 2053 At
465 2004 506 2051 ubi
519 2003 661 2055 celebranda
673 2020 793 2055 recurrent

159 2080 292 2142 faselum
306 2098 408 2132 terrenas
424 2083 488 2133 ultro
503 2081 617 2150 deponite
635 2101 721 2147 curas,
801 2078 805 2085 ’

160 2158 290 2213 Coelorum
304 2180 437 2213 memoret:
449 2167 541 2214 animur
551 2198 558 2223 ,
570 2181 622 2229 pars
640 2169 734 2229 optima
740 2164 813 2215 nostri
821 2199 837 2227 ,.

157 2236 229 2286 Hanc
245 2237 328 2287 saltem
346 2238 413 2303 longi
426 2254 518 2303 partem
535 2237 577 2288 fibi
589 2238 696 2289 vindicet
710 2244 775 2289 anni.

159 2312 195 2361 Ut
205 2314 310 2378 segetem
320 2316 397 2379 gravis
407 2314 481 2363 herba
491 2316 578 2378 premit
586 2332 594 2371 3
602 2314 752 2380 virgultaque
763 2316 842 2364 tonsae

159 2387 306 2440 Deformant
321 2394 383 2442 male
399 2408 456 2442 nata
469 2395 552 2457 piros3
567 2407 594 2441 ut
607 2393 706 2458 agrestia
719 2393 805 2459 longus

159 2458 356 2529 inquinatum
374 2465 429 2517 litus
442 2485 448 2515 e
461 2470 541 2531 pejora
558 2468 708 2533 sequentibus
725 2468 795 2519 instat

158 2540 197 2589 Sic
212 2542 298 2588 animis
313 2538 434 2605 purganda
448 2540 498 2589 lues
506 2576 516 2603 ‚
527 2556 599 2609 atque
614 2541 684 2593 insita
698 2547 766 2594 teuit

158 2614 271 2665 Moribus
288 2616 447 2679 improbitas,
461 2613 614 2683 redivivaque
631 2618 721 2668 semina
738 2619 797 2669 labis

158 2691 244 2753 lllius,
261 2692 325 2742 unde
342 2697 405 2760 seges
417 2712 480 2747 nova
494 2696 598 2763 pullulat
614 2701 686 2765 usque
702 2698 832 2749 malorum.

157 2768 182 2815 Si
197 2770 291 2831 pietas,
309 2766 418 2819 fisensus
433 2771 491 2819 inest
499 2789 508 2831 3
522 2772 652 2836 abstergete
667 2772 725 2823 fletu

158 2839 197 2891 Ne
212 2844 294 2906 pigeat
310 2843 435 2903 maculas,
452 2843 505 2891 fuso
521 2860 578 2909 quas
592 2846 705 2908 sanguine
723 2842 830 2893 Christus

157 2919 263 2980 Abluit3
282 2924 308 2970 &
326 2919 429 2971 flammis
444 2939 494 2972 non
510 2920 669 2976 devoveamus
684 2926 797 2983 avernis,

159 2996 239 3059 Quam
258 3000 349 3063 superis
365 3002 470 3049 animam
485 3002 590 3049 moriens
606 2998 671 3048 Deus
688 2996 767 3049 afferit
783 3001 840 3048 orit.

191 3074 276 3122 Sacros
292 3087 350 3136 ergo
363 3070 418 3121 dies
435 3076 486 3138 piut
504 3090 554 3123 aras
569 3087 644 3133 ante,
662 3071 740 3123 lilenti

159 3144 291 3213 Curatum.
301 3146 420 3214 strepitu,
437 3149 479 3199 sub
497 3150 590 3216 pastore
605 3148 712 3211 Rusticus
727 3149 780 3221 alto
842 3210 845 3214 ¹

740 3236 795 3289 lit
