2359 3975
265 523 268 527 .
332 465 555 542 ”LIBER
594 473 672 546 IV.
827 497 871 572 93

144 585 214 642 fuste
231 587 354 654 sequens,
371 584 446 638 dubio
463 603 564 656 preceps
580 606 681 652 errore,
698 589 829 644 moloffum
859 644 864 649 ,

145 665 259 733 Imperat.
278 665 317 716 Ad
331 669 427 718 cursum
441 673 528 735 pariter
542 673 667 736 rixamque
678 686 773 740 parante

144 745 181 816 Sit
195 743 296 810 pedibus
312 746 406 809 velox¹
423 751 554 816 animisque
569 749 704 800 valentibus
717 749 813 802 audere

70 846 72 853 ·
146 819 325 886 Raptoremque
341 821 424 887 lupum
440 827 496 888 luga
508 839 550 888 per
564 826 691 874 nemorosa
704 827 816 888 secutus,

145 895 259 948 Excutiat
271 897 375 964 praedam
388 917 397 959 3
416 905 441 951 δι
455 901 586 952 laceratum
597 902 695 953 vulnere
708 903 789 953 multo

146 971 236 1021 Furem
249 973 351 1038 abigat,
370 975 442 1025 saltus
458 976 591 1026 ululantem
608 977 672 1026 triste
687 993 729 1042 per
743 977 805 1028 altos
817 995 826 1039 ς

146 1051 227 1119 Atque
246 1055 296 1102 acie
314 1051 394 1106 redeat
410 1073 440 1106 ne
457 1057 570 1118 saucius,
587 1055 681 1123 hispida
697 1057 760 1106 ferro

145 1129 225 1183 Colle
236 1145 323 1195 gerat,
339 1133 387 1200 qui
401 1149 467 1200 parte
484 1153 553 1187 canes
567 1135 694 1204 apprendlt
707 1140 810 1187 inerme·

146 1210 317 1276 Interimitque
333 1211 411 1277 lupus.
428 1213 502 1266 Caeco
517 1216 556 1266 fur
569 1220 659 1283 impete
673 1216 764 1268 fertur.

146 1287 297 1352 Pastorisque
313 1284 383 1338 dolos
402 1293 427 1340 δι
445 1305 556 1358 torquem
571 1293 662 1342 oblitus
678 1288 799 1341 aduncum

147 1361 277 1423 Laeditur,
291 1378 361 1432 atque
376 1367 419 1415 suo
437 1366 515 1417 fauces
529 1371 579 1434 jam
596 1367 708 1431 sanguine
723 1368 804 1430 tingit.

181 1440 312 1504 Lanigeros
329 1457 482 1508 quocumque
498 1459 579 1510 greges
594 1444 714 1509 hirtasque
730 1442 833 1508 capellae

149 1517 233 1567 Pallor
248 1519 319 1582 agit,
334 1517 402 1567 lateri
417 1535 498 1569 comes
514 1523 539 1570 ut
557 1517 667 1569 defensor
682 1521 764 1567 amico
850 1561 854 1567 .

150 1593 235 1664 Usque
245 1589 361 1644 mololl'us
372 1593 436 1645 adest
447 1631 456 1656 ‚
473 1601 499 1647 dt
510 1599 568 1646 hero
580 1596 711 1645 famulatur
722 1629 731 1656 ,
745 1595 852 1661 ovesque

150 1671 289 1724 Communi
305 1676 366 1738 tegit
382 1676 484 1741 irnperio
497 1710 506 1736 ,
521 1673 668 1734 blanditur,
687 1663 798 1738 amatque

151 1743 285 1800 Blanditias
302 1745 423 1809 Domini,
439 1749 480 1798 sua
497 1745 584 1814 gaudia
601 1745 669 1798 ducit
685 1746 715 1794 ab
731 1743 776 1794 illo

152 1824 333 1889 Tristitiamque
351 1827 418 1874 :viri
431 1841 481 1874 non
496 1825 529 1875 eli
543 1828 581 1878 vit
597 1825 718 1874 amantior
731 1822 813 1882 alteri

153 1899 186 1951 Et
200 1897 330 1949 desertores
346 1899 424 1949 fratris
440 1917 492 1966 quae
509 1902 578 1950 rebus
593 1903 684 1950 amicos

154 1977 211 2027 Sors
230 1972 326 2027 adversa
343 1974 431 2042 fugata
445 1977 517 2028 nullis
533 1979 662 2029 terroribus
678 1975 756 2028 aufert

155 2053 238 2116 Quem
254 2053 363 2103 Domino
380 2056 445 2103 canis
459 2070 574 2105 ueternum
587 2051 687 2105 devovit
702 2070 819 2106 amorem.

190 2130 320 2196 Obstupuit
335 2128 458 2198 quondam
474 2129 561 2181 detrufi
578 2134 608 2203 ln·
619 2130 702 2183 vinda
714 2131 796 2180 Sebini

157 2210 238 2261 Rom
255 2224 359 2269 cartem,
374 2208 447 2257 nullis
461 2210 525 2274 abigi
543 2206 573 2258 de
590 2224 683 2259 cartem
698 2207 774 2272 plagis

159 2287 208 2349 Qui
224 2288 314 2352 potuit.
332 2286 436 2349 Praeceps
455 2282 506 2335 alto
524 2281 554 2333 de
570 2298 644 2348 ponte
659 2283 758 2338 Sabinou

157 2366 269 2417 Mittitur
282 2368 308 2413 in
317 2364 424 2413 Tiberim
435 2395 445 2422 ‚
456 2362 565 2414 martibttr
577 2360 629 2426 poll
639 2374 705 2425 terga
715 2362 848 2424 retinuit-1

160 2444 254 2494 Pronus
271 2442 357 2506 &ipse
375 2442 439 2489 canis
454 2437 516 2489 saltu
533 2439 557 2486 se
573 2438 633 2503 jecit
646 2439 673 2485 in
688 2450 807 2498 amnem,

160 2517 194 2569 Et
209 2516 282 2569 dorso
298 2520 437 2567 exanimum
454 2516 583 2567 sustentatu
598 2518 689 2582 impare
705 2532 809 2583 corpus,

160 2596 252 2647 Maluit
268 2599 294 2645 itt
309 2592 395 2645 mediis
409 2594 552 2643 occumbere
567 2593 696 2659 naufragus
711 2592 802 2656 undis,

162 2674 246 2737 Quim
261 2673 371 2722 Domino
387 2668 501 2737 supereffe
519 2672 562 2720 suo
578 2689 584 2719 a
597 2669 708 2722 mirabile
722 2673 775 2723 uisu

162 2752 304 2819 Prodigium
321 2764 424 2799 marens
440 2747 542 2814 populus
559 2747 699 2811 spedabat,
713 2763 820 2797 amorem

70 2852 71 2855 ¹
163 2831 340 2895 lofrastamque
357 2822 432 2875 fidem
446 2838 504 2873 eane
518 2819 647 2872 demiratus
662 2823 688 2870 in
703 2838 761 2871 uno.

198 2908 251 2959 Nec
266 2906 346 2957 mintls
361 2904 465 2954 ultorem
481 2901 548 2952 Galli
562 2900 668 2965 littpuere
683 2897 824 2991 moloffum,

166 2985 293 3058 &5¹9²st
308 2986 366 3047 fasti
383 2985 561 3037 monimentum
575 2978 652 3031 Curia
665 2980 734 3049 patin
