2359 3975
296 461 344 536 66
416 463 621 533 Pnnnrr
646 459 872 529 Rusnrcr

295 579 385 634 Tendit
396 579 514 632 inoffenso
525 577 584 646 pede
598 575 694 646 gressus.
702 577 769 628 Utile
778 578 880 644 pulchro

294 663 433 713 Anteserens
441 696 455 724 ‚¹
464 662 593 726 veterisque
604 675 673 709 tenax
684 659 797 723 Hispania
809 660 900 716 moris,

294 734 365 785 Nunc
384 737 456 785 etiam
473 732 541 783 multi
554 735 648 784 vehitur
660 751 668 791 3
681 729 855 797 pugnandaque
867 732 954 780 Martia

292 810 408 862 Ardentes
424 828 484 879 quos
499 814 573 861 nutrit
587 827 660 876 equor
672 807 703 860 ad
718 809 798 875 praelia
815 811 909 868 servat,

293 883 351 934 Non
362 901 444 936 curans
454 883 528 952 qudrn
539 899 608 950 turpe
620 896 691 950 caput
699 919 707 943 ,
716 883 791 950 quim
802 883 897 948 longior
907 885 987 946 auris,

293 959 339 1011 Sed
348 963 422 1028 quim
430 980 470 1028 pes
481 963 548 1028 agilis
558 997 566 1022 ‚
577 960 654 1028 passus
664 961 738 1028 qualm
749 960 848 1010 mollior
857 995 865 1020 ,
874 959 922 1010 una

292 1037 373 1100 Qudm
384 1043 482 1105 pingues
491 1038 559 1103 palei
568 1037 641 1087 mulae
652 1038 782 1104 culmisque
793 1039 918 1087 nitescant.

324 1115 361 1165 ot
371 1117 411 1165 ubi
421 1115 593 1180 francigentlm
602 1113 736 1166 veneranda
746 1113 861 1165 modestia
867 1115 966 1166 Patrum
976 1149 986 1178 ,

291 1189 357 1251 Quos
368 1206 437 1243 aetate
446 1209 527 1258 graves
538 1190 669 1242 adsacrum
680 1191 746 1242 mula
756 1193 868 1242 Senatum

291 1267 343 1333 lpsa
353 1273 429 1334 gravis
444 1272 509 1320 senio
520 1270 646 1336 portabam
656 1273 683 1320 δε
694 1272 755 1318 inter
766 1268 872 1319 eundum

291 1343 411 1408 Tempora
422 1348 528 1410 inempta
537 1341 626 1394 dabant
637 1343 764 1410 facilesque
772 1343 907 1395 clientibus
918 1360 1002 1397 aureas

289 1419 367 1486 Atque
377 1421 510 1470 ministeriis
520 1435 546 1470 ut
557 1419 663 1486 pluribus
674 1424 770 1487 aptior,
782 1419 848 1471 idem

289 1495 373 1546 Servus
383 1511 432 1546 erat
441 1511 516 1561 portae
526 1495 602 1544 custos
613 1529 621 1554 ‚
633 1499 659 1544 δι
671 1497 756 1561 agaso,
767 1501 919 1562 coquutque3

288 1571 333 1622 Per
343 1578 417 1625 varlas
429 1573 460 1624 lic
470 1575 537 1625 mula
547 1577 610 1624 vices
621 1578 646 1623 &
657 1576 767 1639 ephippia
776 1575 866 1640 gestans

288 1645 447 1715 Clitellasque
457 1651 507 1698 suas
517 1681 525 1708 ‚
537 1647 646 1698 Domino
657 1646 724 1714 quod
735 1647 807 1697 sessile
818 1661 912 1712 tergum

287 1721 440 1785 Praebuerat,
453 1725 559 1776 dabat&
571 1727 638 1791 ligno
651 1727 770 1791 segetique
779 1723 893 1773 vehenda
905 1759 914 1782 ‚
957 1733 963 1738 “

287 1800 358 1851 Nunc
367 1803 465 1852 humilis
475 1806 565 1867 patiens
576 1817 672 1866 opera,
683 1818 747 1851 nunc
758 1801 812 1851 lata
822 1817 864 1866 per
874 1802 960 1852 urbem

286 1875 433 1928 Confidente
445 1877 515 1928 fimul
525 1894 581 1928 cuns
592 1881 694 1944 conjuge
706 1878 765 1929 ferre
775 1881 897 1928 maritum.

318 1955 377 2007 Non
387 1955 472 2023 opibus
483 1990 492 2017 ,
505 1971 562 2023 quas
572 1955 640 2007 luxus
654 1958 716 2006 iners
725 1956 871 2022 populatur,
881 1960 950 2008 inani

264 2084 266 2087 .
283 2032 331 2084 Sed
343 2034 402 2085 fastu
414 2037 549 2100 superamus
558 2034 623 2085 Avos
633 2051 642 2093 ;
652 2050 695 2083 nec
705 2035 805 2084 habetur
813 2032 845 2083 ad
855 2035 924 2084 usum

284 2110 331 2162 Sed
341 2114 416 2178 magis
427 2109 458 2162 ad
465 2128 595 2178 pompam,
604 2110 764 2161 famulantum
774 2111 841 2159 turba
850 2127 858 2169 3
868 2107 980 2175 gerendis

283 2186 351 2249 Quos
367 2191 438 2239 satius
449 2188 512 2239 soret
522 2204 563 2241 aut
577 2189 646 2238 bellis
657 2184 881 2254 impenderemus,

282 2263 332 2315 Aut
345 2269 423 2331 patrio
434 2262 506 2315 duros
517 2256 645 2337 assuescere
655 2280 708 2313 rure
719 2264 829 2324 labores,

282 2341 401 2396 lnsamare
412 2346 479 2394 suam
490 2342 565 2412 qudm
575 2342 649 2409 longa
659 2358 700 2407 per
710 2345 761 2391 otia
771 2345 863 2402 vitam,

281 2419 314 2473 Et
324 2422 437 2473 Dominis
449 2419 532 2473 afferte
543 2425 619 2487 magis
634 2419 709 2488 qualm
722 2418 819 2469 demere
833 2435 908 2470 curas.

314 2500 372 2550 Non
386 2503 441 2550 satis
455 2499 488 2549 eli
501 2496 569 2566 quod
581 2498 635 2567 plus
645 2498 741 2547 stabulis
749 2496 895 2565 impenditur
908 2501 976 2560 auri,

281 2572 363 2635 Quam
373 2571 461 2623 meniis
472 2575 588 2623 tribuatur
596 2571 703 2632 3llerum
713 2570 781 2641 quod
791 2588 871 2622 currus
880 2588 996 2624 ovantem

281 2650 382 2700 duratus
397 2649 479 2706 vehit3
491 2649 516 2697 δι
531 2645 601 2697 Natis
613 2652 721 2697 ornatior
733 2646 787 2713 ipss

280 2724 426 2779 Circumstat
437 2722 519 2774 rhedas
531 2725 641 2792 utrinque
650 2723 742 2773 satelles
755 2739 889 2792 3equorum

280 2802 372 2853 Officiis
384 2805 461 2855 servus
471 2801 575 2852 successu
585 2818 595 2861 3
606 2806 631 2851 δι
641 2805 771 2853 immemor
780 2801 846 2852 ornis

278 2879 323 2929 Vir
332 2882 458 2931 hominem
470 2877 536 2932 collo
546 2880 624 2945 gerit3
636 2879 787 2947 humanique
800 2895 842 2946 per
853 2879 938 2930 urbem

279 2954 337 3007 Non
347 2955 425 3021 pudor
439 2957 472 3007 est
489 2960 579 3008 cervice
593 2960 648 3009 vehi
659 2992 669 3018 ,
681 2971 822 3024 tantumque
831 2956 942 3016 Deorum
958 2975 966 2988 ‘

278 3029 355 3085 Edita
366 3036 392 3086 in
402 3031 506 3102 effigiem
518 3048 608 3087 natura
616 3032 740 3089 ntendece
750 3034 874 3103 probrum.
