2359 3975
355 467 547 538 Lraau
588 466 652 541 ll.
819 496 866 578 45

134 585 239 635 villicus
255 598 369 650 agrorum
385 600 462 650 partes
475 585 573 638 deducit
582 593 608 639 iu
621 608 724 656 omoese

134 661 282 728 Exultatque
292 663 378 710 animis
390 661 435 711 illo
450 661 577 726 laudante,
587 661 706 737 ‘suumque

136 738 240 789 Nemine
252 738 347 787 vicinos
360 740 421 787 inter
433 738 544 804 culpante
553 740 679 806 laborem,

136 814 181 865 Vel
194 827 283 880 pravos
293 828 390 872 mores,
401 813 543 882 occultaque
555 817 618 868 furta
631 821 737 874 suorum.

166 894 200 942 Et
214 907 364 958 quamquam
377 892 445 943 bellis
459 893 580 946 Dominus
591 898 684 949 vellite
698 903 798 956 molesta

136 968 273 1035 Implicitus
285 967 369 1034 procul
381 968 501 1029 abfuerit3
514 987 564 1020 non
579 989 634 1024 arva
645 976 745 1027 colonus

139 1050 239 1116 Segnior
256 1063 365 1108 excrcct3
377 1066 421 1099 nec
432 1053 482 1100 heri
493 1055 616 1118 praesentia
625 1071 691 1105 curas

136 1124 220 1175 Acrius
234 1125 370 1175 exstimulat
379 1124 453 1193 quim
464 1144 530 1176 meus
545 1127 587 1178 libi
599 1131 693 1180 conscia
704 1137 768 1184 redii.
871 1135 876 1142 “

136 1202 192 1253 Hoc
204 1203 300 1252 absente
310 1205 343 1251 rel
359 1206 440 1266 patrie
450 1219 499 1252 nou
511 1221 605 1268 parcere
616 1205 725 1268 Natum,

137 1277 184 1328 sed
197 1279 358 1344 populatrices
375 1283 493 1327 comitum
503 1295 541 1328 rus
553 1278 639 1332 ducere
649 1299 738 1334 turmas

136 1353 213 1405 Clam
224 1353 309 1412 dolet3
320 1371 441 1404 mnonam
453 1371 497 1405 nec
513 1359 603 1406 cautius
613 1358 710 1411 abderet
719 1379 834 1434 omnem,

138 1435 162 1483 Si
173 1431 316 1484 desolandas
328 1437 468 1500 irrumperet
481 1437 553 1488 hostis
564 1443 590 1488 in
601 1437 671 1491 ades.

169 1513 209 1560 Sic
222 1511 311 1559 ithace
322 1510 445 1578 quondam
457 1513 509 1578 post
519 1514 586 1563 mille
601 1516 706 1581 pericula
716 1537 814 1585 portum

140 1583 205 1636 Cum
222 1589 304 1652 tetigit
319 1588 383 1637 senio
395 1587 482 1637 faciem
494 1594 608 1640 mentitus
619 1589 732 1653 Ulylses3

140 1660 289 1729 Intravitque
299 1663 364 1712 suam
373 1665 511 1729 peregrinus
523 1668 548 1714 dt
559 1667 644 1730 hospes
653 1670 679 1716 ln
690 1670 786 1735 aulam,

139 1737 229 1788 Omnia
241 1739 405 1804 contemplans
421 1738 520 1800 furtim,
529 1756 573 1789 nec
586 1748 696 1808 cognitus
707 1745 751 1796 ulli
762 1768 771 1810 3

139 1811 206 1862 Unus
219 1829 272 1864 erat
285 1817 343 1880 qui,
354 1832 390 1864 res
402 1831 491 1881 magno
502 1817 611 1866 turbante
622 1821 744 1884 tumultu,

140 1886 252 1939 Eumeu
266 1890 400 1940 Dominum
413 1891 471 1940 tristi
482 1894 590 1942 sermone
600 1899 738 1963 requirens,

140 1963 265 2017 Sulcandis
278 1967 378 2017 instabat
390 1969 450 2034 agris
462 1985 470 2027 3
483 1972 631 2038 graviterque
641 1969 741 2028 dolebat

141 2046 215 2108 Quod
226 2046 341 2097 foecunda
353 2048 440 2098 Procos
450 2048 540 2101 alerent
551 2068 659 2104 amenta
670 2070 781 2123 rapaces,

140 2121 218 2188 Atque
231 2125 275 2172 suo
291 2123 361 2173 tellus
373 2140 422 2173 non
432 2124 516 2175 fertilis
530 2125 587 2177 effer
601 2128 686 2191 Ulyssi.

172 2201 286 2251 Provisor
299 2215 349 2248 non
359 2199 435 2249 multa
446 2217 514 2266 rogat
522 2220 572 2267 ‚lne
584 2205 662 2255 multa
673 2210 773 2260 vieiffim

141 2274 252 2325 Finitimi
264 2289 387 2341 repetente
399 2274 475 2325 aliena
486 2282 583 2343 negotia
595 2282 674 2339 vitat3

141 2358 193 2408 Nec
207 2354 253 2406 nii
267 2370 320 2421 quae
330 2355 448 2417 Domini,
459 2358 500 2405 sua
511 2356 587 2407 credit
597 2376 605 2417 3
615 2362 698 2426 iniqua
710 2368 833 2430 perhorret

142 2434 232 2491 furta3
245 2434 328 2499 suique
340 2444 427 2492 tenax,
439 2431 522 2481 alienis
532 2426 632 2483 'abstinet
643 2471 651 2496 ‚
664 2442 726 2505 aqui

142 2506 180 2563 Sic
190 2509 284 2578 rigidus
296 2511 390 2571 custos,
402 2526 430 2561 ut
441 2510 593 2563 famolillima
604 2518 660 2581 pagi

142 2592 224 2659 iurgia
234 2606 365 2656 componat
374 2590 445 2656 judex
455 2610 462 2651 3
473 2596 600 2661 ignaraque
611 2596 707 2662 legum,

143 2671 201 2724 Non
211 2674 270 2721 redii
279 2670 400 2737 justique,
414 2672 476 2722 secet
485 2672 611 2739 prudentia
622 2676 684 2727 liter.

176 2748 222 2797 Ille
232 2750 287 2797 suos
297 2748 424 2796 hominum
437 2746 631 2798 fortunatissimus
641 2768 710 2816 agros

145 2825 241 2893 Diligat
252 2860 261 2887 ‚
278 2826 380 2875 obscuro
390 2824 478 2891 politus
489 2832 531 2893 qul
541 2845 595 2878 rure
609 2831 709 2880 colonus

145 2906 250 2972 Exiguus
260 2908 314 2956 voti
324 2940 332 2965 ‚
344 2921 464 2972 parvoque
475 2904 594 2968 affuetus,
609 2906 690 2962 edaces

144 2982 193 3033 Aut
204 2998 274 3032 curas
285 2994 328 3031 aut
340 2979 391 3045 spes
400 2984 482 3031 animo
493 2998 543 3031 non
554 2985 628 3048 pascit
638 2986 734 3039 inanem

145 3062 202 3121 Non
210 3066 278 3116 huuc
291 3061 407 3119 sollicitat
421 3060 562 3115 uminmdi
574 3064 635 3118 laeva
647 3062 745 3129 libido,
