2359 3975
274 468 320 569 38
419 468 612 539 Parum
637 466 851 535 Rusrrcr

271 590 426 655 Urbanasque
439 604 498 653 puer
508 602 559 635 non
570 584 600 635 fit
613 583 729 635 formatus
744 582 775 633 ad
790 598 850 633 artes
863 619 872 644 ,

270 667 348 735 Atque
365 667 494 734 juventutis
507 666 590 729 prime
608 659 778 714 transcenderit
791 677 874 711 auuoe.

270 740 329 791 Nou
346 744 466 791 tamenin
481 741 572 789 leniunt
588 752 672 803 vergat
686 736 816 802 proclivior
831 752 905 796 atas,

270 819 308 870 Ne
323 817 422 886 pedibus
435 820 476 869 vix
489 817 548 867 stare
564 831 668 883 potens,
684 816 834 880 propioribus
848 819 909 880 agris

268 894 360 945 Iulisiat
376 898 462 961 piger,
480 908 521 944 aut
537 892 609 943 molli
623 894 744 957 resupinus
756 896 782 941 ira
796 892 888 952 herba,

268 970 327 1021 Non
341 972 449 1023 observet
463 988 519 1021 over
533 990 538 1020 r
551 970 680 1021 oculorum
692 986 796 1036 namque
810 965 934 1034 requirunt

267 1048 401 1099 Sublimem
415 1048 490 1108 veluti
504 1046 642 1113 speculam,
657 1062 687 1097 ue
701 1045 719 1097 fi
733 1062 787 1118 qual
794 1058 901 1095 moretur
913 1080 920 1105 ,

267 1126 316 1177 Aut
331 1128 439 1193 gregibus
452 1142 598 1192 ptaecurrst,
614 1130 675 1191 agris
689 1126 728 1176 vel
742 1124 835 1176 deerret
847 1130 953 1191 apertis,

267 1201 362 1253 involet
377 1219 391 1250 e
405 1202 499 1251 latebris
515 1202 595 1267 Lupus
610 1200 734 1251 insidiator
745 1218 757 1260 ’ς
770 1216 891 1268 ovemque

265 1279 315 1330 Aut
327 1280 392 1330 collo
404 1282 476 1332 vehat
488 1280 625 1348 impolitam
637 1316 645 1341 ‚
661 1280 700 1331 vel
715 1279 836 1330 mordicus
850 1296 931 1329 aurem

265 1356 438 1424 Apprendeus,
457 1359 528 1409 saltus
547 1358 665 1425 trepidam
682 1357 785 1409 deducat
800 1362 826 1407 in
841 1357 923 1417 altos‘,

265 1436 343 1503 Atque
360 1440 482 1487 renitentis
495 1436 596 1498 clunes,
613 1452 754 1504 uterumque
768 1435 874 1502 flagellet

264 1514 407 1565 Verberibus
421 1512 502 1565 caude
516 1534 523 1565 t
537 1514 597 1565 dum
612 1515 700 1565 tristior
714 1515 757 1565 illa
770 1530 891 1565 remotum

213 1630 216 1643 .
263 1590 369 1658 Longim
379 1595 425 1643 heu
436 1593 443 1642 l
455 1590 556 1659 querulo
566 1591 652 1643 fririiri
660 1607 734 1643 vocat
743 1609 785 1642 ore
793 1591 941 1657 megilirum.

295 1670 460 1738 Caprigenurn
470 1674 512 1739 qui
529 1670 581 1721 sara
595 1685 666 1736 petus
678 1687 720 1736 per
734 1672 854 1735 inhospita
865 1667 960 1728 ducet,

263 1748 299 1797 Sit
311 1749 401 1797 brume,
414 1750 506 1813 patiens
521 1746 654 1812 pluriaeque
667 1746 770 1805 nivalis,
787 1748 813 1794 δι
827 1744 902 1793 audax
1004 1769 1006 1772 ·

262 1822 390 1887 Reptantes
404 1822 521 1872 salebrosa
537 1823 603 1886 sequi
620 1838 662 1887 per
676 1820 783 1869 culmina
800 1836 889 1885 capras.

262 1894 388 1961 Ingenium
403 1894 536 1959 faciemque
550 1896 598 1943 viri
612 1907 665 1942 trux
680 1896 730 1959 ipsa
742 1893 853 1943 locorum

261 1971 351 2025 Efferat
367 1974 496 2039 asperitas,
516 1974 541 2022 &
556 1970 645 2037 lingue
659 1969 762 2022 dedocet
777 1974 855 2023 usum.

261 2050 307 2102 Sed
321 2067 347 2101 tu
360 2051 398 2102 nil
411 2051 513 2115 speciem
528 2051 656 2116 turpesque
667 2052 791 2101 morabere
805 2051 886 2102 vultus

259 2130 379 2192 Pastoris,
393 2127 451 2180 dum
464 2127 528 2179 tensa
544 2127 605 2178 serat
616 2145 672 2194 grex
683 2129 756 2179 ubera
768 2130 839 2180 true.
934 2150 937 2157 ·

291 2210 417 2275 Lanigeras
428 2208 488 2257 bene
503 2207 583 2273 pascat
596 2224 653 2257 oves
666 2243 674 2267 ‚
692 2209 832 2276 subigatque
845 2209 921 2274 periti
972 2213 976 2218 '

258 2287 366 2337 Rusticus
385 2299 440 2335 arva
455 2299 528 2334 mauu
544 2301 551 2333 r
568 2298 635 2334 terre
652 2283 750 2349 cultura¹
761 2285 856 2335 smtcls·
880 2305 883 2309 ·

258 2361 366 2414 Vertitur
381 2365 428 2412 hoc
443 2359 533 2436 duplici
549 2358 614 2428 quasi
629 2359 745 2423 cardine3
760 2378 843 2412 catera
856 2366 915 2414 mris

257 2439 364 2501 Officia,
381 2440 479 2490 ulteritlr
494 2436 550 2488 dein
566 2438 720 2500 evolvenda,
738 2439 861 2492 colentum

257 2515 365 2568 Villicur'
376 2518 476 2580 ingeniis
491 2512 660 2564 accommodet
677 2529 749 2582 atque
762 2515 873 2566 lacertis:

255 2596 370 2662 Namque
380 2597 433 2644 viro
445 2596 483 2645 vir
493 2608 519 2643 ut
529 2591 611 2642 differt
620 2627 628 2654 ‚
637 2609 681 2644 nec
692 2597 718 2643 in
727 2596 839 2644 omnibus
848 2593 913 2644 idem
927 2596 962 2646 eli

256 2673 406 2739 Corporibus
422 2675 510 2738 vigor,
528 2685 569 2721 aut
584 2674 671 2721 animis
684 2669 809 2737 prudentia
822 2687 922 2730 renunt

256 2747 296 2797 Sic
310 2749 376 2796 varia
391 2745 424 2795 est
439 2747 489 2810 agri
504 2761 601 2812 quoque
610 2743 742 2812 disciplina
756 2745 852 2796 colendi
864 2765 872 2795 t

255 2825 363 2876 Postulat
377 2827 426 2874 hcc
442 2820 528 2874 validis
543 2825 658 2873 sociatam
671 2809 762 2874 rirrlr'trs
776 2839 872 2884 artrm3

255 2896 314 2947 Haec
327 2895 379 2962 plus
394 2899 449 2946 artis
463 2897 535 2946 habet
548 2895 623 2962 quim
635 2897 727 2947 roboris
738 2915 747 2957 3
762 2898 835 2948 altera
849 2915 957 2953 merrtem

255 2973 460 3040 Confiliuruque‚
477 2991 553 3024 metas
571 2973 688 3024 desidem
703 2974 777 3024 altera
789 2979 860 3026 vires.

255 3053 337 3120 Relice
353 3051 461 3121 quaefisos
475 3067 548 3120 opera
562 3050 594 3103 ed
608 3053 718 3118 sterion
732 3053 853 3117 eolouoe,
