2359 3975
383 432 571 542 Lrnnn
607 469 670 540 11.
841 492 885 562 4¹

153 592 177 642 si
188 590 268 656 sapiat
278 587 332 654 plus
349 587 428 637 servus
440 589 499 636 hero
511 622 519 648 ,
536 587 601 638 male
615 585 676 654 juiia
687 585 791 640 faeeiiet.

186 669 294 720 Viliicus
310 670 335 717 br
349 669 404 716 vita
416 683 496 717 mores
507 683 654 736 operumque
669 670 777 719 laborem

156 748 305 807 instituent,
326 761 405 796 totum
419 763 486 797 curas
500 747 608 799 extendit
621 753 647 798 in
662 765 772 808 annum,

156 823 187 872 Et
197 819 260 889 quid
271 820 365 887 quique
376 817 415 870 die
426 820 606 887 peragendum,
619 825 713 888 vespere
723 829 773 890 jam
784 840 838 873 turn

156 891 308 960 Praemonet‘,
317 915 370 949 ante
378 915 433 949 toro
441 899 527 950 famuli
535 900 610 966 quim
618 903 725 952 membra
732 918 858 968 reponant.

187 979 299 1028 Ultimus
312 981 332 1029 it
342 981 471 1042 cubitum,
486 979 599 1030 concurso
610 980 705 1032 cardine
717 983 843 1048 postquam

157 1052 229 1103 Vidit
242 1069 324 1104 utrum
337 1070 421 1106 contra
436 1057 564 1104 noeiuruos
577 1054 636 1104 ostia
650 1055 712 1106 furer

158 1133 211 1184 Sint
221 1136 316 1184 munita
326 1134 381 1182 satis
392 1168 400 1193 ,
417 1150 481 1184 nova
490 1150 549 1184 num
560 1135 688 1184 stramenta
697 1137 809 1202 cibosque

157 1205 187 1255 ln
204 1208 289 1273 longas
302 1208 405 1256 habeant
419 1208 518 1258 hiberna
535 1208 625 1258 bovilia
639 1213 728 1260 nostes.

157 1284 265 1351 Impiger
277 1284 307 1336 ad
321 1290 411 1352 primos
421 1287 479 1352 galli
493 1289 633 1354 consurgere
647 1305 750 1350 cantur,

158 1363 217 1413 Non
231 1367 320 1429 paritur
335 1362 412 1412 lentos
426 1361 457 1412 ad
471 1380 530 1429 opus
544 1362 671 1429 procedere
684 1366 784 1424 servos3

159 1442 206 1494 Sed
219 1445 303 1508 jubet,
320 1443 427 1492 instantis
440 1442 506 1493 velut
519 1440 549 1492 ad
564 1448 694 1494 certamina
708 1444 786 1504 beili,

159 1523 319 1573 fortibua'ite
333 1525 437 1572 animis:
452 1522 536 1572 oculos
547 1539 589 1588 per
603 1521 695 1589 fingula
706 1523 805 1576 volvent
812 1556 827 1582 ,

160 1599 236 1664 Urget
248 1615 326 1663 opus,
343 1601 424 1662 pigros
440 1594 508 1645 diuis
522 1597 620 1662 castigat
632 1598 721 1646 acerbis

160 1672 301 1740 Agricolas,
319 1670 401 1722 laudat
414 1670 509 1729 fortes,
526 1686 674 1736 operumque
687 1673 774 1735 peritos
786 1687 796 1730 3

159 1750 190 1800 Et
203 1751 293 1817 placito
307 1751 408 1817 longum
420 1766 527 1800 recreans
540 1751 648 1799 sermone
661 1748 788 1810 laborem,

160 1825 208 1877 vix
218 1843 318 1892 operam
331 1826 496 1890 Phoebumque
509 1821 563 1872 finit
578 1825 664 1880 sentire
677 1822 811 1878 cadentem.

161 1903 185 1952 si
198 1904 252 1968 quis
268 1904 314 1950 erit
326 1897 409 1966 quaiso
422 1899 535 1964 languent
549 1901 588 1947 cui
603 1903 702 1964 torpore
715 1903 794 1961 vires,

161 1978 303 2027 succurrens
317 1973 414 2026 adhibet
427 1973 552 2033 fomenta,
567 1970 716 2042 domumque
727 1979 849 2031 remittite

160 2058 258 2107 Praestat
269 2059 335 2107 enim
348 2055 409 2105 soles
424 2054 517 2121 aliquot
529 2055 674 2121 requiescere
688 2057 802 2120 servum,

160 2139 243 2203 Quim
256 2136 273 2187 fi
288 2135 348 2187 dura
361 2135 421 2186 ferat
434 2136 520 2202 longos
533 2138 626 2187 incuria
639 2139 747 2189 morbos.

192 2219 246 2269 Dar
259 2217 308 2268 {ine
321 2215 404 2268 fraude
420 2216 511 2284 dapes,
526 2221 640 2285 operique
655 2220 744 2269 cibaria
758 2216 820 2270 duro

162 2296 316 2363 Respondete
327 2300 412 2364 jubet,
427 2315 470 2347 nec
487 2315 569 2348 avarus
581 2297 669 2363 pocula
681 2299 741 2348 tristi

160 2373 250 2425 Miscet
264 2372 325 2440 aqui
341 2408 350 2433 ‚
368 2378 437 2439 nigro
449 2372 553 2423 famulos
565 2388 610 2423 nec
624 2371 715 2422 furfure
728 2374 823 2439 pascit,

161 2447 313 2503 Durius'effe
328 2467 412 2518 putans
428 2456 453 2503 bt
467 2456 578 2520 iniquum
594 2468 693 2503 munera
705 2454 781 2514 vite,

162 2534 290 2584 Humanot
302 2548 354 2599 quae
370 2547 431 2582 terra
446 2550 528 2599 parens
545 2532 645 2599 largitur
659 2536 685 2583 in
700 2535 754 2583 usus
767 2568 776 2594 ,

162 2609 250 2662 Deeise
262 2615 337 2673 viria,
351 2614 437 2679 quibus
450 2615 501 2679 ipsa
514 2616 566 2665 suas
580 2617 683 2665 exercita
695 2614 766 2665 telius

162 2688 244 2739 Debet
254 2704 311 2755 oper
324 2707 331 2738 t
345 2690 424 2738 socios
434 2705 534 2753 operum
545 2691 612 2739 cibus
623 2706 684 2739 unus
693 2691 824 2753 hemmque

163 2764 266 2815 Sustinet
278 2784 284 2813 ι
297 2781 345 2814 una
356 2764 420 2817 sitim
430 2768 600 2817 communibus
610 2769 726 2833 amphora
735 2761 821 2814 menfis

163 2841 247 2891 Abiuit
259 2857 267 2900 3
285 2856 359 2905 utque
370 2842 429 2891 sciat
439 2839 583 2904 cuicredere
593 2842 663 2906 poffit
674 2877 683 2902 ‚
699 2834 823 2890 abundant

163 2914 287 2975 Confiffl,
303 2930 385 2965 tamen
396 2913 517 2965 interdum
531 2932 583 2983 quae
598 2917 688 2965 semina
700 2915 766 2963 terris

163 2990 284 3059 Optima,
301 3005 356 3057 quae
370 2991 425 3041 vitis
439 2990 525 3040 melior
538 2990 650 3049 cultura,
664 2989 772 3055 requirit.

194 3067 328 3134 Temperat
340 3066 470 3131 imperium
481 3064 628 3117 clementia:
643 3062 720 3116 leunrs
733 3061 764 3116 ad
777 3065 841 3114 iram·
