2359 3975
282 498 331 570 44
429 479 627 550 Pnanrr
651 481 868 556 Rvsrrcr

284 596 350 660 Quos
361 598 437 650 veluti
451 600 561 648 miserata
573 600 640 649 cibor
655 597 696 650 dat
710 599 890 650 feminarum

282 675 403 724 stantibus
417 673 448 723 ad
458 675 563 724 mensam
574 673 662 740 sponfis
674 693 683 734 3
696 678 733 723 his
744 673 838 740 turgida
847 676 957 728 Macrum

283 750 353 800 Mens
368 749 442 816 epulis
458 750 549 810 alitur,
566 752 696 816 crescitque
712 752 820 815 superbia
835 750 937 802 former

283 827 341 878 lnde
355 829 488 878 ministeriis
506 830 574 896 fungi
590 831 712 881 servilibus
729 831 794 881 ultro

283 908 351 971 Quos
365 906 466 969 videre,
483 925 568 976 putant
583 925 652 960 natos
667 912 751 962 servire
766 913 873 960 maritos.

316 988 418 1038 Villicus
431 991 515 1040 urbani
529 1007 676 1057 quamquam
689 1008 739 1040 non
752 989 859 1039 ambulet
871 1005 957 1056 aucepr

283 1061 395 1112 Rumoris
408 1099 416 1123 ‚
431 1060 528 1130 solique
543 1081 612 1130 roget
626 1063 655 1115 de
669 1061 742 1114 messe
757 1065 878 1124 colonos,

282 1135 387 1186 Accersrt
401 1155 461 1204 quos
477 1155 529 1187 rure
544 1139 655 1205 frequent
669 1155 786 1189 mercatus
800 1143 826 1189 in
841 1141 946 1202 urbem,

284 1208 360 1261 Nolle
372 1225 452 1264 tamen
465 1218 531 1280 juvat
543 1217 626 1264 invidi
641 1214 716 1282 quim
732 1216 841 1280 prospera
853 1215 920 1264 Galli

284 1288 352 1340 Bella
364 1308 466 1356 gerant3
483 1293 553 1344 avido
569 1294 655 1345 referat
671 1312 724 1362 quae
741 1299 826 1344 nuntia
842 1309 914 1358 pago.

285 1363 350 1416 Dein
361 1365 472 1418 modium
481 1370 552 1430 salis,
566 1386 638 1436 atque
652 1371 733 1419 infesti
746 1367 852 1435 pondera
865 1367 937 1430 ferri,

285 1441 342 1502 Quo
352 1442 417 1493 faber
430 1443 508 1494 obtusr
519 1443 616 1494 dentem
634 1441 751 1510 procudat
763 1447 850 1504 aratri,

284 1515 317 1566 Et
326 1517 428 1570 solidam
442 1524 515 1585 nigrae
527 1517 627 1569 massam
637 1523 695 1585 picis
706 1553 715 1579 ,
727 1534 799 1586 atque
812 1519 904 1584 ligones

285 1590 437 1661 Comparat,
450 1599 474 1646 ὃ(
488 1612 561 1647 curvo
572 1595 680 1644 lunatam
690 1609 783 1660 tergore
796 1592 900 1653 falcem,
947 1610 950 1615 ⁴

286 1671 476 1742 Runconesque,
492 1677 577 1743 quibus
594 1677 699 1741 sequitur
710 1673 922 1740 vepreta‚securer

286 1750 318 1800 Et
329 1755 435 1816 cultros,
449 1756 534 1821 quibus
549 1755 675 1804 arboreum
686 1755 835 1817 compescere
846 1750 930 1801 luxum

286 1829 374 1892 Poffit,
387 1837 411 1882 bc
426 1848 516 1882 arentes
532 1847 617 1883 trunco
633 1831 763 1882 rescindere
778 1849 867 1882 ramos.

287 1905 330 1956 Nil
343 1912 403 1957 emit
412 1907 510 1957 illorum
524 1923 576 1973 quae
584 1907 623 1957 vel
635 1909 764 1956 nascuntur
773 1909 799 1956 in
809 1923 883 1972 egro,

287 1981 334 2033 vel
345 1981 395 2033 fieri
405 1980 517 2051 possunt,
528 2000 578 2034 non
593 1983 659 2034 lento
670 1985 761 2034 vimine
775 1982 875 2042 corbes,

287 2058 412 2126 Linaque,
424 2063 449 2109 δι
463 2059 575 2125 agrestem
590 2058 655 2109 torti
668 2057 697 2109 de
709 2059 814 2115 cannabe
826 2057 917 2119 telam,

287 2138 347 2189 Non
358 2139 449 2201 soleas,
462 2158 520 2207 quas
535 2142 584 2209 ipse
595 2139 648 2191 rudi
660 2139 729 2191 dolat
738 2154 804 2200 arte,
815 2137 912 2203 caprini

288 2216 347 2268 Non
358 2238 439 2273 ocreas
453 2241 465 2275 e
475 2222 555 2291 pelle,
566 2222 653 2289 quibus
665 2216 779 2269 defendat
790 2220 865 2267 acutis

289 2295 367 2351 Crura
380 2306 444 2355 rubis
459 2302 567 2355 ruenda
578 2306 665 2353 etenim
677 2299 788 2357 ditescit3
802 2313 910 2348 emacem

201 2416 203 2421 -
289 2373 428 2440 Agricolam
440 2378 525 2431 contri
540 2376 680 2429 miserabilis
691 2390 760 2441 urget
770 2374 865 2441 egestas.

323 2456 447 2522 Scriptura
460 2457 525 2509 rudis
535 2463 560 2509 δι
572 2461 694 2509 rationum
704 2490 713 2516 ,
729 2456 810 2521 sapius
818 2453 889 2503 allert

290 2531 467 2585 AdDonriuum
473 2532 1002 2603 pastonqudmscriptavolumina,uummos;

291 2607 370 2674 Atque
383 2608 427 2660 illo
438 2616 547 2661 veniente
559 2645 568 2672 ,
579 2614 653 2661 timor
667 2610 728 2660 nihil
740 2612 818 2673 arguit
828 2609 900 2656 intus.
935 2648 938 2654 .

291 2680 425 2751 Disciplina
439 2684 507 2736 domi
521 2690 586 2753 viget
598 2685 735 2751 inculpata3
748 2683 852 2748 forisque

292 2757 387 2813 Cuneia
399 2765 477 2812 nitent
486 2763 546 2813 bene
559 2762 624 2813 culta
636 2781 643 2812 e
654 2762 727 2812 boves
736 2772 890 2823 armentaque
900 2758 961 2805 teile

294 2834 375 2886 Palla:
385 2853 460 2889 novus
470 2838 538 2889 limes
547 2873 556 2898 ,
566 2854 631 2889 nova
642 2852 692 2886 non
706 2833 734 2884 sit
746 2834 830 2881 semita
842 2834 941 2895 campis.

294 2912 352 2964 Non
363 2917 461 2978 hortus,
472 2934 522 2969 non
532 2934 600 2985 prata
612 2916 649 2967 liti
659 2916 786 2966 morientia
800 2910 933 2975 languent.-

294 2988 374 3056 Surgit
386 2994 468 3059 opima
481 2995 544 3059 seges
551 3011 560 3053 3
572 2990 715 3056 defensaque
728 2986 820 3053 sepibus
834 3000 891 3035 arva

295 3068 342 3121 vel
354 3068 429 3124 durau
441 3072 532 3125 citcdm
544 3072 609 3125 louis
620 3065 762 3122 clauduntur
771 3082 780 3126 ς
788 3066 919 3131 horumque

1092 545 1094 633 l
