2359 3975
365 494 555 564 Lrnnn
597 497 712 568 IX.·
816 521 878 593 ¹93

152 613 286 672 Muribus,
304 614 329 662 δι
345 627 429 677 campe
442 628 546 678 purgat,
564 614 699 680 culpisque,
715 632 757 664 nec
772 619 833 683 ipsos
874 592 885 609 ⁶

151 692 306 758 Dedignatur
320 689 399 752 edax,
415 696 489 743 veteri
505 711 565 759 quos
581 711 666 745 evocat
682 697 759 744 imber

152 767 266 827 finiere,
284 767 380 815 limaces
398 766 472 816 frisii
489 770 627 818 consumere
642 769 742 819 conchi-

185 842 246 893 Non
261 845 315 892 satis
328 843 361 890 est
376 842 459 906 procul
475 843 568 892 infestas
582 861 685 894 avertere
700 847 793 911 pestes,

151 916 251 970 Affiduo
266 915 309 966 nifi
327 917 440 966 sollicites
455 917 572 982 plantaria
589 919 674 969 cultu:

151 997 218 1046 Nam
236 994 285 1044 fine
300 997 324 1043 ti
335 1009 387 1059 quae
404 997 489 1060 sponte
505 997 577 1044 rubos
591 999 616 1045 δι
630 997 715 1046 inutile
729 1014 827 1064 gramen

152 1070 284 1136 Indulgens
299 1069 342 1120 sibi
357 1086 417 1120 terra
432 1086 515 1130 creat3
534 1071 576 1121 nili
594 1076 655 1123 viiia
669 1075 752 1124 labore

151 1148 300 1207 Continuo,
321 1163 364 1196 nec
381 1148 434 1196 olus
449 1165 492 1197 nec
511 1165 610 1198 munera
622 1149 710 1200 blanda
725 1153 789 1215 Lyaei

151 1223 205 1274 Nec
223 1225 312 1288 segetes
326 1227 410 1288 pariet.
426 1226 464 1273 Sic
480 1241 524 1274 nos
541 1223 572 1276 acl
587 1229 668 1277 inania
682 1227 775 1290 fortes,

150 1300 286 1352 Definimur
300 1304 378 1352 nervis
393 1299 424 1350 ad
438 1303 536 1354 honesta
547 1321 557 1362 3¹
570 1304 658 1370 viique
672 1305 773 1370 pedestri

150 1377 200 1437 Qui
214 1373 291 1434 salsus
306 1379 347 1425 vix
363 1375 450 1436 mille,
467 1378 536 1426 suurn
550 1379 641 1428 visurus
656 1383 783 1441 amicum,

149 1451 310 1512 conficeret,
327 1467 387 1516 vaga
402 1451 454 1516 post
471 1452 558 1517 leporis
572 1453 670 1518 vestigia
686 1470 750 1505 totos

149 1531 219 1597 Itque
235 1527 346 1595 reditque
360 1526 430 1587 dies,
447 1527 549 1578 faciente
564 1528 676 1593 cupidine
692 1534 761 1582 vires.
828 1582 831 1586 ,

181 1605 260 1658 Radat
268 1610 369 1656 humum
376 1607 455 1660 rastris
462 1607 561 1672 Qliror,
573 1623 718 1672 gearnenque
725 1613 846 1661 renascens

147 1685 242 1746 Erunt,
262 1690 286 1736 it
302 1685 372 1736 fictas
387 1689 460 1751 riguis
477 1685 525 1736 alet
540 1687 656 1744 imbribus
671 1688 763 1737 herbas.

146 1763 180 1824 At
194 1779 315 1829 peponem
327 1766 445 1828 imprimis
458 1763 488 1813 ab
502 1765 585 1829 iniqua
599 1761 706 1813 uindicet
720 1780 794 1816 rura:

146 1839 233 1889 Mollis
245 1843 313 1888 enim
327 1841 367 1888 seu
381 1843 495 1905 primevo
508 1840 645 1906 juveniliter
658 1856 714 1892 ortu

145 1917 278 1977 Luxurier,
295 1919 334 1966 seu
350 1919 399 1981 jam
415 1919 489 1980 erepit
501 1914 672 1982 grandescere,
687 1917 755 1968 cultu

145 1996 243 2063 lndiget
254 2010 352 2045 aeterno.
366 1993 495 2045 Sudoribus
509 1999 591 2045 omnin
604 1994 713 2048 vendunt

143 2070 179 2120 Di
193 2072 291 2136 superi,
307 2073 331 2119 ὃ(
345 2084 433 2133 magno
448 2068 508 2119 staret
522 2070 615 2135 optima
629 2088 729 2138 quaeque
742 2072 832 2126 labore.

175 2148 249 2199 Veris
257 2148 297 2195 ubi
313 2143 425 2195 reducem
438 2144 546 2195 volucres
560 2150 667 2196 cecinere
682 2162 807 2213 teporem,

142 2228 214 2279 Lasie
227 2244 292 2276 novo
305 2225 345 2277 vel
358 2224 420 2291 aqui
435 2224 581 2275 medicatum
597 2224 685 2275 fossula
698 2229 779 2279 semen

142 2306 253 2373 Excipiat
266 2307 368 2355 saturare
380 2302 450 2355 fimo.
464 2303 519 2363 Qut
531 2318 598 2368 parte
611 2304 697 2356 nivalis

140 2386 196 2435 flat
211 2382 315 2441 Boreas,
330 2380 410 2437 Olitor,
421 2379 498 2429 mixti
510 2396 568 2427 cunr
580 2380 680 2429 stercore
696 2383 758 2432 terrai

140 2456 269 2507 Imbellem
286 2454 352 2503 luteo
367 2456 508 2519 premuniat
522 2468 606 2518 aggere
620 2453 738 2519 plantam.

140 2536 165 2584 Si
178 2530 240 2600 quid
252 2528 329 2581 adhuc
342 2532 458 2595 setasque
470 2522 533 2580 vices
547 2531 671 2581 mutabilis
683 2549 766 2597 aurae,

140 2610 171 2661 Et
183 2607 297 2659 reducem
310 2604 392 2655 medio
405 2606 517 2657 Brumarn
531 2610 578 2673 jam
594 2608 655 2658 Vere
671 2614 785 2676 timebit,

138 2686 251 2739 coniferi
263 2700 382 2751 peponem
394 2681 454 2743 sinat
468 2688 529 2735 intra
542 2700 647 2737 concava
659 2691 718 2739 vitri

139 2762 252 2815 Crescere
260 2779 269 2821 ς
285 2758 344 2811 dum
355 2774 439 2809 ventos
452 2760 529 2819 ferat,
543 2764 568 2809 δι
581 2766 632 2826 jani
646 2764 732 2816 fortior
746 2768 809 2817 auri·

136 2842 259 2891 Liberiore
276 2837 324 2887 frui
339 2836 428 2897 malit,
445 2835 569 2903 nudusque
584 2836 696 2904 relinqui.

136 2919 220 2969 Vitrea
236 2919 401 2968 transmittunt
417 2915 525 2982 tepidum
542 2915 672 2981 specularia
686 2919 783 2982 solem,

136 2994 168 3045 Er
182 2997 253 3045 satas
270 3007 351 3045 arcent
362 2994 475 3050 *hiemes3
494 3006 519 3041 ar
534 2988 655 3055 grandinis
669 2995 727 3045 inus

136 3068 194 3121 Non
209 3068 335 3128 tolerent,
352 3064 395 3117 nifi
410 3069 519 3119 vimineis
535 3063 631 3116 defensa
645 3070 752 3122 cucullis.

755 3163 767 3213 Ι
843 3146 847 3150 ,
