2359 3975
344 483 566 554 LIBER
603 483 698 563 ΙΙΙ.
832 489 879 574 71‘

149 604 310 658 Mortiferam
324 602 387 653 coelo
398 603 476 653 labem
488 603 622 668 compescet
631 601 662 651 ab
673 600 739 650 alto:

152 687 255 750 Jamque
268 683 397 748 patrocinii
406 683 456 730 vim
467 676 560 728 dudum
569 691 664 744 experta
677 677 768 727 Tolosa

149 759 364 826 Monspeliumque
374 757 417 805 suo
428 757 525 821 posuere
537 754 621 804 altaria
631 757 687 804 civi.

181 833 287 899 Depulit
302 834 342 880 hic
357 847 432 896 nuper
444 828 529 878 nostrie
546 827 660 877 afinibut
671 844 750 878 ortam

148 913 258 964 Maffiuae
274 909 383 979 pestem,
398 923 450 974 quae
460 922 504 956 nos
519 903 649 958 fonnidine
661 911 746 956 mortis

150 991 237 1044 Cinxit
245 991 367 1054 utrimque
375 986 454 1036 furens
463 1005 469 1034 e
478 987 607 1034 hominum
613 987 687 1052 proh!
697 984 775 1037 millia
782 985 849 1036 letho

125 1118 134 1136 ι
151 1066 249 1128 Quanta
263 1062 347 1114 dedit!
357 1063 418 1111 tanti
433 1058 478 1108 fint
493 1061 543 1108 haec
559 1059 645 1109 solatia
657 1059 732 1110 luciis
740 1095 749 1121 ‚

150 1139 275 1206 Exemplis
289 1133 358 1208 quod
375 1132 427 1186 dita
441 1133 491 1182 lues
507 1131 636 1182 illustribus
647 1137 714 1184 auxit
774 1142 777 1146 '

149 1225 287 1288 Antiquum
304 1215 361 1268 fidei
378 1229 442 1280 pura
457 1209 546 1274 decus3
564 1228 635 1279 atque
646 1217 746 1265 recentit

149 1301 273 1352 liereseoc
291 1294 404 1355 fraudes,
417 1298 442 1344 δι
456 1291 609 1360 (relligionis
625 1297 712 1343 amitto

150 1379 210 1442 Quae
222 1377 330 1446 tegitur)
345 1377 431 1430 faciem
441 1374 538 1440 populis
550 1372 654 1426 ostendit
667 1391 782 1439 apertam.

181 1458 255 1509 Vidit
267 1494 275 1519 ,
288 1462 313 1508 δι
324 1461 350 1506 in
360 1458 459 1506 summis
474 1455 528 1503 urbs
544 1453 651 1505 desolata
666 1455 760 1520 periclis

150 1537 252 1590 Horruit
268 1535 386 1588 absimiles
401 1534 469 1584 distis
483 1533 595 1600 feriisque
605 1535 744 1600 magistros,

151 1613 284 1684 Splendida
296 1618 407 1682 jafiantes
423 1610 505 1679 rigida
521 1611 645 1662 mendacia
658 1615 741 1672 sefiae,

152 1691 267 1742 ludecori
279 1691 354 1740 videos
369 1688 437 1755 pestis
453 1685 604 1745 formidine,
619 1688 695 1736 vitam

150 1763 242 1832 ignavi
258 1760 365 1832 quaesiss'e
381 1762 439 1828 fugi
450 1756 564 1824 ,latuisse
577 1758 616 1811 vel
629 1762 693 1809 iutra

150 1845 226 1896 Testa
241 1841 328 1893 domis
342 1861 349 1902 ;
366 1840 443 1892 donec
459 1841 523 1891 sacer
541 1842 591 1890 auri
607 1836 679 1897 corde
691 1842 804 1890 timorem

150 1919 232 1970 Solvit
247 1933 335 1978 amor,
350 1916 483 1982 viduosque
498 1915 557 1966 lares
572 1919 660 1965 intrare
676 1919 774 1982 co'e'git,

152 1998 273 2049 Pestiferis
287 1998 360 2048 fortes
377 1996 479 2049 heredia
494 1997 553 2047 freta
564 1998 661 2047 venenis

149 2076 281 2144 Accipere,
291 2092 361 2143 atque
371 2080 477 2127 animam
486 2076 625 2142 generosam
635 2072 770 2138 impendere
779 2072 855 2123 luero.

183 2158 279 2209 Interea
288 2171 378 2208 veteres
392 2158 450 2206 ritus
461 2172 532 2223 atque
546 2172 616 2205 aurea
629 2152 752 2220 quondam

153 2237 277 2301 Tempora
291 2233 455 2285 Christiadum
472 2237 513 2302 qui
526 2237 645 2285 nescivere
658 2230 803 2299 (Catonum

150 2314 187 2365 Ut
201 2330 267 2365 nova
278 2316 348 2365 turba
358 2314 443 2381 canit)
457 2319 498 2382 qui
511 2313 628 2379 dogmata
638 2311 691 2361 laxa
704 2311 850 2374 sequuntur,

154 2399 345 2464 Culcitrulisque
360 2400 444 2462 jugum
456 2392 546 2445 Christi
558 2389 655 2441 mollire
670 2387 799 2445 laborant,

152 2474 280 2527 Devovere
294 2473 384 2521 animas
398 2467 505 2535 populis:
515 2468 637 2532 utrimque
647 2462 765 2528 frequenti

154 2553 258 2619 Agmine
274 2544 402 2596 Malliliam
416 2557 561 2609 properant,
573 2538 623 2608 qud
633 2537 685 2588 sola
698 2533 800 2591 vocabat

153 2625 260 2691 Relligio
274 2622 395 2688 pietasque
409 2622 493 2684 viros,
508 2622 533 2667 δι
546 2614 627 2665 nobile
641 2612 719 2662 funus.

153 2702 289 2765 Pracipites
307 2710 376 2745 mora
390 2692 458 2743 nulla
473 2706 537 2743 tenet
549 2710 555 2739 t
567 2685 635 2757 quod
648 2700 739 2736 carcere
754 2697 826 2747 rupto

154 2778 215 2826 Sonr
229 2774 324 2839 fugiens
338 2765 455 2820 timuisset
465 2804 473 2828 ‚
485 2772 530 2817 iter
543 2782 584 2831 per
599 2763 698 2812 fiumina
714 2771 840 2823 querunt3

152 2852 205 2905 Nec
217 2850 331 2903 dubitant
343 2847 397 2913 (via
408 2864 460 2914 quae
472 2844 514 2896 libi
524 2845 574 2895 visa
584 2837 732 2904 breviffima)
742 2832 819 2885 vastos

152 2932 236 2983 Amnis
252 2930 370 2993 inexperti
385 2922 466 2975 nando
480 2936 630 2989 perrumpere
645 2916 748 2973 fluetus,

152 3002 184 3053 Et
199 3002 292 3068 duplici
308 2998 382 3049 fortes
399 2999 489 3047 animas
506 2996 657 3053 committere
673 2988 733 3039 sato.

183 3077 353 3145 Monspelium
365 3110 373 3136 ,
392 3076 452 3139 petit
462 3069 525 3122 uode
536 3084 608 3135 genus
618 3064 720 3117 mortale
730 3062 830 3115 salutem
840 3096 851 3126 ,

151 3157 258 3217 utun:
276 3150 409 3213 umsmffit
420 3165 494 3221 opem
513 3167 520 3198 t
535 3163 619 3207 venere
634 3142 777 3198 Medrnturn
