2359 3975
414 469 442 535 L
461 486 478 537 t
496 486 522 538 n
541 490 565 539 E
583 488 609 540 n
645 472 708 542 11.
882 494 930 571 39

190 588 307 640 Protinus
325 584 440 635 exhaustis
453 584 541 637 celsant
556 592 599 656 qui
611 591 722 649 vitibus;
741 606 809 657 agros

190 668 293 730 Segnius
308 660 447 724 effodiunt,
464 663 559 714 occulti
573 664 657 716 fraude
671 668 810 735 relinquunt

190 740 274 795 Crudi
284 738 378 808 aliquid
388 758 396 799 3
410 754 476 793 tetre
487 760 530 792 net
541 742 572 793 ad
581 746 668 794 intima
677 747 767 796 viscera
777 746 894 810 tendunt,

190 818 241 872 Sed
258 822 320 885 pigri
336 818 425 868 leviore
440 834 540 870 movent
554 821 608 871 sola
621 823 714 873 summa
730 821 836 873 bidente.

226 897 348 963 Nervosos
363 894 416 945 olur
433 896 557 962 Agricolas
570 900 706 967 gnarosque
721 904 840 967 requirit,

192 976 245 1038 Qui
261 976 332 1025 variis
348 975 430 1022 norint
445 973 604 1025 accommoda
619 978 709 1026 semina
724 981 811 1039 tertis,

190 1054 306 1120 Arvaque
323 1066 438 1117 perpenro
453 1051 589 1103 tenovanda
606 1053 687 1120 ligone
703 1055 824 1122 fatigent,
860 1068 863 1073 ·

190 1130 260 1182 Nata
277 1144 357 1179 recens
375 1127 442 1177 cultu
457 1127 555 1179 foveant
569 1132 682 1192 arbusto,
700 1132 782 1184 futuro

152 1234 155 1239 ·
192 1205 360 1266 Providerat,
379 1203 473 1255 domini
490 1222 542 1256 tem
558 1224 643 1259 curent
657 1211 770 1275 partiris,
789 1216 831 1261 uni
924 1273 927 1277 ι

192 1286 246 1339 Nee
262 1281 370 1333 studeant
387 1281 476 1343 lama,
495 1283 535 1335 sed
545 1285 661 1337 habendis
672 1287 786 1339 fruitriut
799 1290 896 1341 instent.

227 1360 341 1425 lnpn'mir
355 1359 419 1409 hunc
436 1358 539 1422 sperne,
555 1374 630 1411 novar
645 1363 772 1425 jaaantior
788 1376 848 1411 artes

192 1434 244 1497 Qui
258 1437 366 1484 sermone
380 1436 475 1498 magis,
491 1435 566 1501 quim
581 1453 608 1486 te
623 1437 798 1498 commendam
813 1456 898 1489 eorum

193 1512 255 1573 Quae
273 1510 350 1561 fecere
366 1510 408 1559 alii
421 1510 483 1561 nihil
501 1513 639 1577 approbat,
654 1516 738 1564 onmia
755 1530 854 1575 mutat,

193 1590 227 1640 Et
236 1587 314 1638 reficit
326 1622 335 1648 ,
350 1604 394 1638 net
406 1600 458 1636 tam
467 1602 575 1651 reparat,
588 1589 664 1657 quim
674 1589 773 1641 delituit
781 1593 898 1650 hortum,

194 1668 240 1733 Spe
246 1664 564 1730 dominumpascent,neque
570 1666 897 1719 mensamfruutburomans.

228 1742 275 1794 Sed
289 1743 355 1793 velut
372 1746 397 1791 in
416 1744 509 1807 magnit
526 1743 577 1808 sper
593 1746 619 1792 it
634 1745 733 1795 titiotia
747 1745 826 1795 bellis.

193 1822 346 1887 Pugnanturn
357 1836 408 1871 non
418 1819 480 1868 stant
490 1823 576 1873 areimis
588 1856 598 1881 ‚
609 1837 757 1889 numeroque
767 1826 875 1874 virorum
887 1857 897 1886 ,

194 1899 286 1948 Dulior
301 1899 342 1947 ubi
357 1896 425 1947 nulli
441 1895 509 1947 fortir
523 1902 585 1964 regit
599 1914 649 1949 atre
664 1915 787 1952 catervas:

195 1975 232 2024 Sic
251 1989 278 2024 tu
295 1989 347 2022 rute
366 1986 450 2038 patum
467 1970 616 2024 famulorum
628 1977 740 2024 examine
753 1973 833 2027 multo

195 2049 328 2109 Proficiett
347 2047 392 2100 nifi
408 2047 455 2098 dux
469 2053 530 2100 vitet
546 2052 683 2101 &brachia
699 2054 767 2102 rediit

195 2129 326 2193 Temperet
337 2128 453 2192 imperiis.
469 2126 581 2193 Nequam
598 2129 643 2178 tibi
659 2129 763 2179 villicus
780 2145 851 2196 προς

195 2203 325 2262 Emaciat,
339 2218 420 2252 nocuo
433 2200 500 2252 lilvat
516 2203 655 2269 arbustaque
671 2203 735 2254 serto

195 2273 364 2347 Persequitur,
375 2278 437 2330 male
447 2280 522 2344 pastit
531 2297 587 2330 over
597 2313 605 2340 ‚
618 2284 750 2348 oviumque
759 2283 883 2348 magtIlroe
892 2301 900 2334 t

171 2407 177 2414 ‚
195 2354 337 2408 incustoditi
352 2372 394 2421 pet
408 2355 495 2406 mollia
509 2371 577 2421 prata
590 2371 708 2420 vagantur

194 2433 307 2499 Laetaque
323 2429 464 2496 proculcant
481 2434 545 2481 tauri
558 2430 680 2482 frumenta
694 2450 702 2481 t
716 2435 805 2498 rapinis

196 2515 261 2561 Arva
275 2524 357 2575 patent
369 2506 482 2574 adaperta
495 2526 504 2568 3
518 2525 603 2558 manua
615 2525 693 2575 neque
707 2515 817 2562 eontinet
828 2510 872 2560 ille

196 2587 274 2654 Cujus
287 2601 337 2638 erat
351 2587 415 2636 furer
430 2601 533 2636 avertere
546 2605 552 2635 ι
565 2603 660 2652 poma,
675 2590 795 2656 nucesque

196 2664 272 2716 Clam
283 2664 343 2729 legit
354 2681 362 2722 3
379 2667 404 2712 dt
414 2660 514 2714 domino
525 2663 579 2728 plut
589 2665 685 2715 seminir
696 2669 801 2731 imputat
813 2702 821 2725 ,
840 2670 902 2718 attis

109 2764 114 2770 ·
201 2741 285 2803 Qudm
296 2739 390 2792 dederit
401 2774 410 2801 ‚
425 2754 488 2790 totat
497 2757 574 2806 neque
584 2744 661 2792 mittit
670 2746 697 2794 in
706 2746 794 2794 horrea
801 2740 885 2794 melier
890 2777 901 2806 ,

198 2821 338 2886 sumptibus
351 2833 461 2868 extenuat
475 2817 563 2868 fruetur
577 2837 584 2867 t
600 2823 663 2886 riget
674 2819 753 2870 oblita
765 2824 822 2872 titis

198 2899 331 2958 Sentibur,
351 2899 438 2948 erranti
451 2895 491 2946 vel
505 2898 612 2962 grarnine
629 2915 636 2944 t
651 2901 732 2963 junior
749 2898 819 2946 arbos

197 2974 333 3026 Deficiente
350 2977 412 3040 petit
427 2971 545 3037 lympbit
563 2971 684 3039 docuique
699 2973 796 3026 novelli

197 3051 245 3103 Pto
260 3052 360 3118 platano
374 3049 601 3116 statuarium
618 3049 872 3118 vtlpmdeiouoe
