2359 3975
319 511 388 581 162
447 507 653 578 Pnnnrr
679 508 910 579 Rvsrrcr

346 631 406 680 Non
415 632 495 678 minor
502 627 534 678 cll
542 628 698 692 llrepimsque
707 625 777 676 domi
784 627 942 694 plaususque,
953 627 1030 691 Lyn

314 709 467 761 Adventante
479 727 485 756 :
497 725 564 756 meto
576 705 691 764 sordens,
701 707 828 770 mustoque
837 705 938 756 fluentes

313 788 387 840 Nuda
397 786 485 854 pedes,
496 786 606 850 surasque
616 783 664 832 alte
677 784 795 831 succintla
804 788 916 847 juventus

314 863 439 921 Curlitatt
451 866 476 910 u
488 860 597 926 plaustris
606 860 756 908 venientibus
765 861 853 913 obvia,
864 859 942 908 fausto

315 942 383 993 Cum
394 941 499 989 clamore
510 939 582 986 trabit
593 934 674 985 dulces
684 933 716 984 ad
724 935 791 999 prela
800 953 908 984 racemos
917 954 926 995 3

315 1017 470 1080 insiliensque
482 1017 565 1079 super,
577 1011 666 1078 gaudet
675 1029 772 1060 manare
781 1015 894 1062 rubentes

312 1099 361 1147 Sub
371 1094 469 1160 pedibus
479 1091 579 1149 lineium
591 1089 708 1156 versisque
718 1094 745 1140 in
753 1091 842 1155 poeula
852 1091 955 1157 palmis,

312 1173 424 1222 Praelibat
436 1170 517 1218 latices
529 1163 648 1224 bland053
659 1183 816 1232 mentumque
825 1168 892 1217 lixo

315 1248 495 1310 Humentesque
505 1243 567 1292 linus
577 1243 719 1308 patulosque
730 1246 817 1293 irrorat
825 1247 914 1295 hiatus.

349 1327 406 1376 Hac
417 1323 477 1374 aliis
488 1342 494 1370 ε
507 1322 571 1371 celo
582 1325 673 1369 interea
684 1318 743 1369 dum
752 1325 831 1371 vedius
842 1340 927 1388 aperto

313 1405 375 1455 Ae'ta
386 1417 504 1468 purpureo
515 1398 583 1448 vestit
593 1397 634 1446 Sol
646 1397 736 1445 lumine
745 1415 754 1455 3
764 1398 870 1449 necdum

316 1477 437 1532 Humidus
447 1482 473 1528 in
485 1491 556 1526 terras
567 1470 671 1523 effundit
680 1474 796 1538 Aquarius
808 1492 893 1526 urnam
906 1496 916 1537 ·,

315 1559 415 1608 Solenni
425 1558 528 1605 semente
538 1550 618 1602 solum
628 1547 795 1614 gravidemust
805 1553 901 1604 arandis

311 1632 446 1686 Succedens
455 1636 542 1681 iterum
552 1629 641 1692 campis
650 1662 659 1686 ‚
671 1625 761 1676 leviore
770 1629 891 1680 Bubulcus

312 1715 419 1764 vomere
430 1707 522 1762 scindat
531 1708 633 1755 humum
642 1721 651 1762 3
661 1719 738 1769 neque
749 1704 820 1754 sulcis
828 1709 916 1758 obruat
925 1710 979 1760 altit

310 1794 405 1840 Semina
417 1824 427 1849 ,
437 1791 477 1838 vix
488 1786 562 1835 almas
573 1780 631 1830 dein
641 1795 751 1845 eruptura
761 1784 803 1830 sub
815 1801 891 1834 auras.

310 1867 424 1918 Cratibus
435 1877 512 1928 :quet
523 1874 591 1924 agros
602 1891 611 1911 ‚
622 1856 749 1922 glebasque
759 1859 876 1926 infringat
884 1865 980 1915 inertes.

308 1946 388 2011 Atque
400 1943 440 1992 ubi
452 1939 570 2006 perpetuis
580 1933 663 1985 madet
671 1936 788 1987 imbribus
797 1939 898 1992 humida
909 1942 995 1999 tellus,

309 2024 417 2075 Rusticus
427 2022 504 2071 aurito
516 2019 570 2069 liras
581 2016 677 2067 attollat
688 2034 767 2069 aratro
780 2039 788 2080 3

246 2084 262 2157 ‚⁵
309 2102 345 2150 Ut
357 2101 452 2167 pluvios
463 2097 541 2146 sulcus
552 2094 644 2145 derivet
653 2094 771 2159 Aquarius
780 2099 885 2155 imbres,

309 2180 360 2230 Nec
371 2182 435 2245 seges
446 2181 548 2227 intereat
559 2174 719 2239 stagnantibus
731 2177 796 2225 ebria
805 2177 922 2243 lymphis.

341 2258 458 2309 Festinata
468 2256 539 2305 nimis
550 2257 660 2303 sementis
670 2255 730 2319 saepe
741 2256 858 2307 colonum

307 2339 407 2403 Decipit
418 2356 426 2396 3
438 2352 463 2387 at
473 2338 535 2386 votis
546 2350 680 2399 numquam
690 2334 819 2399 respondet
828 2339 905 2385 avaris

308 2418 387 2464 Serior
397 2432 404 2460 t
416 2409 554 2461 anniculum
565 2410 646 2457 semen
656 2406 723 2473 quod
733 2408 839 2472 pondere
849 2410 943 2476 prestat

223 2506 227 2511 ·
308 2490 486 2553 Robustumque
497 2490 575 2542 nitet,
586 2486 649 2537 ficto
659 2503 778 2552 repetatur
789 2490 819 2537 ab
828 2506 889 2554 agro
900 2508 908 2537 t

307 2571 403 2617 Semina
413 2566 556 2629 degenerant
568 2568 721 2616 humentibus
731 2571 825 2633 optima
835 2572 913 2619 terris.

339 2647 418 2695 Prima
429 2645 481 2694 solo
493 2645 587 2711 farrago
597 2650 661 2712 putri
671 2644 797 2697 mandetur
808 2666 816 2696 t
828 2663 856 2697 ut
865 2651 935 2715 agnis

306 2722 436 2773 Herbescat
450 2724 534 2771 teneris
547 2724 663 2771 munitior
675 2740 681 2770 t
693 2719 784 2771 hordea
794 2719 861 2771 fictis

305 2800 434 2857 Collibus,
446 2804 471 2851 bc
481 2804 563 2867 pingui
573 2805 691 2868 jaciantur
701 2799 788 2851 adorea
798 2818 895 2866 campo.

305 2878 429 2929 Nosturno
441 2875 508 2944 quod
518 2894 571 2929 tote
581 2875 679 2927 madens
689 2879 850 2927 committitur
861 2880 926 2931 artis

305 2953 399 3007 Emicat
409 2958 434 3003 in
445 2954 530 3005 molles
542 2957 622 3006 semen
633 2953 739 3005 velocius
749 2971 825 3006 antas.

337 3033 435 3098 Singula
445 3048 505 3099 quot
515 3031 611 3085 modios
623 3037 716 3101 spargas
726 3038 752 3083 in
762 3039 860 3100 jugera,
871 3037 954 3100 campi

304 3109 346 3161 Vis
356 3110 496 3177 habitusque
509 3108 616 3172 docent3
627 3108 696 3179 quod
708 3111 773 3163 enim
785 3110 981 3177 jejunaremus
