2359 3975
331 505 544 582 'stent
585 519 721 593 VIII.
830 532 898 626 169·

162 623 216 674 Sub
233 624 289 675 nive
306 626 407 678 timetur
424 628 524 695 pedibus
539 635 680 702 frigentibus
694 632 812 696 herbam:
846 705 849 708 ⁴

160 701 256 750 Pascua
270 719 315 752 nec
332 705 424 756 clausus
440 711 539 774 queruli
557 713 612 764 dein
628 735 688 769 voce
704 725 832 788 reposcat,

159 778 234 830 cum
251 783 324 831 semel
342 786 464 836 horrentes
481 790 556 853 glacie
572 797 720 860 conspexerit
736 819 825 867 agros,

158 857 195 908 Et
214 857 305 923 rigidae
320 863 427 912 tremulis
444 873 574 932 perceperit
590 875 687 924 artubus
702 894 778 930 auras.

194 933 338 998 Agricolam
353 935 478 1004 siquando
488 941 557 994 domi
569 962 634 999 tenet
644 953 722 1002 imber
734 989 744 1015 ,
761 955 848 1008 adistis

156 1001 264 1054 Robora
278 1008 319 1057 vel
334 1007 405 1060 findit
422 1017 502 1064 cuneis
514 1043 528 1076 ,v
541 1021 580 1068 vel
596 1038 693 1086 aratra,
711 1032 863 1099 jugumque,

155 1078 193 1128 Et
209 1079 281 1131 stivae
297 1082 360 1135 ferro
376 1085 463 1148 dolat3
478 1093 625 1164 obtusosque
642 1100 735 1165 ligones

154 1156 191 1207 Et
208 1158 296 1208 rastros
314 1161 400 1212 incude
414 1182 526 1229 novans,
543 1174 641 1236 agrestia
659 1177 716 1228 Veri

153 1235 237 1292 Arma
253 1237 382 1290 laborifero
396 1246 446 1307 jam
462 1258 514 1295 rum
530 1252 624 1314 provisa
640 1260 754 1320 reponit:

153 1308 214 1360 Nec
229 1326 316 1361 vacuas
332 1331 433 1380 operum
450 1322 529 1368 noiies
548 1322 672 1386 traducit,
688 1332 759 1379 inerti

153 1388 287 1453 Tempora
299 1389 371 1456 longa
383 1396 475 1444 trahens
486 1398 571 1448 somno
584 1419 593 1459 3
606 1401 646 1452 sed
655 1408 746 1456 vimine
757 1411 841 1460 corbes

153 1461 293 1523 Conficit,
310 1481 351 1515 aut
365 1471 437 1534 virgis
453 1486 544 1530 crates3
559 1477 651 1540 virique
667 1477 762 1528 caduca

152 1539 262 1594 Exacuit
278 1541 355 1592 vallos
373 1561 379 1592 e
395 1547 455 1610 ipsae
472 1563 569 1614 quoque
584 1551 686 1602 Palladis
702 1571 763 1604 artes

150 1619 275 1673 Exeruere
287 1623 371 1681 vitot,
388 1626 549 1690 nosiurnaque
567 1643 661 1694 carpere
677 1635 749 1697 pensa

151 1697 219 1749 Non
234 1695 329 1762 pudet,
346 1703 372 1749 δι
388 1699 489 1751 crassum
506 1703 559 1754 suso
575 1704 702 1761 devolvere
716 1712 812 1764 linume
832 1734 837 1742 ’

154 1775 276 1826 Thestilis
292 1779 317 1825 in
332 1777 419 1827 faciem
433 1796 579 1847 quamquam
594 1788 712 1849 permulta
726 1793 839 1856 jocetur,

149 1852 307 1918 Accingique
324 1854 404 1904 virium
420 1856 488 1906 lateri
505 1860 545 1908 sua
559 1859 637 1912 rideat
650 1881 736 1927 arma3
760 1877 764 1886 '

148 1931 306 1997 Mutatisque
324 1932 457 1982 ministeriis
473 1934 532 1986 velit
546 1939 597 2003 ipsa
610 1944 710 1995 viciffim

147 2008 184 2059 Et
203 2022 286 2058 tauros
301 2024 402 2074 tegete,
419 2014 444 2060 ll(
460 2029 540 2063 currus
555 2020 644 2081 agitate
660 2023 759 2087 jugales.

184 2084 245 2134 Fert
261 2084 318 2134 alias
333 2085 438 2151 glacialis
454 2091 529 2139 hiems
546 2095 611 2155 tibi,
629 2098 736 2161 villice,
754 2120 837 2156 curas:

147 2162 288 2225 stringenti
299 2162 350 2209 coit
361 2158 424 2209 unda
434 2162 488 2226 gelu
502 2197 510 2222 ,
522 2168 677 2234 gravibusque
688 2176 790 2237 rigentes

145 2234 261 2288 Stridula
275 2236 376 2301 plaustra
390 2240 449 2286 rotis
462 2237 555 2289 sulcant
570 2245 667 2308 impune
683 2248 788 2300 lacunas.

144 2312 254 2381 Algidus
270 2319 356 2379 ignavo
374 2315 418 2365 stat
432 2315 521 2379 frigore
537 2322 620 2378 rivus.;
638 2328 663 2371 bt
678 2332 754 2377 amnis

142 2390 187 2443 Ad
203 2391 302 2457 pelagus
321 2395 392 2441 tebias
406 2391 485 2441 volvit
500 2390 547 2442 fine
563 2412 684 2449 murmure
700 2402 817 2471 lymphae.
885 2438 889 2443 -

180 2469 250 2533 Ergo
261 2470 326 2519 nives
344 2469 513 2535 glaciemque,
529 2472 616 2537 quibus
632 2475 746 2529 ferventia
759 2486 881 2552 quondan

141 2546 242 2597 Pocula
258 2545 424 2611 restinguant,
443 2550 510 2596 tertis
527 2549 629 2601 occlude
644 2556 686 2605 sub
702 2557 765 2610 altis.

141 2626 248 2691 Quique
265 2640 338 2673 novas
355 2625 428 2673 hiemi
445 2622 523 2691 sruges
541 2626 619 2678 estare
634 2635 764 2699 recondit,
795 2681 798 2686 ⁴

139 2702 245 2752 AEstivis
264 2700 354 2748 brumae
368 2714 450 2763 poenae
466 2700 551 2751 servire
564 2705 648 2767 jubeto
708 2770 713 2778 Ι

138 2775 248 2829 Deliciis
261 2792 270 2833 3
286 2773 376 2823 ursule
393 2772 456 2822 sitim
471 2775 607 2837 referente,
622 2780 701 2843 gelata

138 2853 265 2905 Restituat
281 2850 367 2917 tepidis
382 2868 442 2919 aqua
458 2852 531 2919 frigus
546 2857 648 2906 amabile
662 2859 776 2927 lymphis.

173 2926 226 2980 sed
240 2944 272 2977 ne
287 2926 398 2994 depereat
411 2932 493 2995 primis
510 2930 578 2979 labor
591 2934 670 2983 irritus
684 2939 786 3002 austris,

137 3006 207 3058 Ante
221 3004 305 3055 locum
316 3022 374 3069 cape
385 3040 393 3065 ‚
411 3010 453 3071 qui
463 3024 537 3057 conos
549 3010 657 3059 imitetur
668 3046 677 3072 ,
693 3018 719 3064 st
729 3020 832 3073 imbrem

136 3078 246 3129 Derivet
261 3076 373 3143 pluvium
385 3095 392 3125 t
402 3094 453 3139 ne,
471 3079 488 3127 fi
505 3086 663 3146 penetraverit
676 3090 761 3153 intur,

132 3154 169 3211 {n
185 3149 286 3207 fluidon
295 3151 400 3220 glaciem
415 3149 501 3206 doceat
517 3156 634 3210 tabescere
650 3164 723 3216 rivos.
779 3173 782 3181 '

755 3254 781 3305 tt
