2359 3975
382 491 676 565 LrnnnV.
826 517 890 591 1¹3

70 645 71 668 t
162 612 296 664 Dasius&
311 627 340 667 ex
357 608 442 662 iisdem
456 609 575 672 radicibus
587 629 667 680 ‚lanus
682 616 706 663 δι
720 609 787 664 idem
863 631 868 640 ·

69 715 72 733 ι
162 693 251 742 succus
267 685 411 754 amygdaleo
426 688 487 740 foetu
506 686 629 750 durescit,
645 691 735 757 aquosa

162 767 269 828 Mollior
281 773 309 817 in
323 785 401 833 pruno
413 785 421 826 ς
435 769 511 818 niveis
523 771 579 818 hinc
596 767 696 820 floribus
710 770 795 830 albet,

162 846 227 896 Hinc
244 847 325 895 ceraso
338 846 428 906 rubet,
446 861 487 896 aut
501 849 575 896 motis
590 849 719 912 nigrescit:
731 847 828 916 acerbos

162 923 287 982 Parente,
306 920 425 972 &dulces
440 922 549 982 frudun
564 938 636 990 atque
654 927 737 973 omnia
749 939 829 974 terum

161 999 331 1050 Transsotmat
346 1001 395 1048 sese
406 1016 482 1049 novus
495 1004 520 1049 in
537 999 653 1050 miracula
668 1001 775 1050 Proteus.

162 1075 317 1137 Quinetiam
329 1079 404 1126 varias
421 1077 514 1125 subiens
529 1076 652 1126 mutabilis
666 1078 768 1137 herbas,

162 1156 228 1208 Allia
240 1159 282 1222 qui
296 1159 371 1221 pariet
386 1156 547 1221 graveolentia
562 1159 659 1218 succus,
671 1157 763 1208 ocellos

162 1235 323 1299 vicinamque
337 1235 415 1282 rosam
430 1236 493 1283 miro
507 1232 634 1299 perfundet
651 1233 745 1294 odore3

163 1312 338 1377 Purgmtesque
352 1311 429 1360 serens
443 1310 533 1360 malvas
549 1309 702 1378 gelidamque
717 1315 842 1376 cicutam,

162 1389 267 1440 Incutiat
281 1392 398 1450 morbos,
412 1391 548 1457 morbisque
564 1390 698 1441 medebitur
713 1389 787 1442 idem.

196 1467 330 1518 Multisoris
347 1482 375 1518 ut
385 1485 437 1534 quae
454 1468 543 1518 tubulis
560 1467 616 1518 fluit
626 1505 635 1530 ,
646 1485 694 1518 una
708 1469 796 1534 figuras

163 1544 235 1596 Mille
247 1545 337 1606 refert,
350 1561 413 1594 nunc
426 1549 453 1594 in
466 1549 565 1608 cyathos
580 1563 641 1613 aqua
650 1563 773 1609 concava,
784 1551 863 1598 testor
891 1610 894 1614 λ

70 1653 71 1680 2
163 1623 235 1674 Nunc
250 1627 275 1672 in
290 1623 411 1672 aristarum
427 1622 500 1672 fasces
518 1625 627 1681 hirsuta,
642 1640 750 1673 recurvas

164 1701 242 1750 Tensa
258 1700 296 1748 vel
310 1703 335 1748 in
350 1715 461 1764 mappas:
474 1695 557 1748 eadem
574 1703 649 1748 micat
665 1698 739 1748 ardua
754 1699 838 1761 coelo,

70 1821 71 1844 p
164 1771 331 1837 Carbaseoque
344 1770 395 1820 sinu
411 1787 507 1832 tumet,
522 1787 564 1821 aut
576 1769 694 1822 radiantia
706 1773 763 1822 solis

163 1848 267 1898 Lumina
279 1883 287 1908 ‚
299 1848 418 1898 coelesiem
434 1849 473 1910 tel
490 1849 558 1900 mille
575 1850 696 1901 coloribus
712 1867 795 1901 arcum

163 1925 266 1976 hurbes
277 1960 286 1984 ‚
299 1939 338 1973 aut
353 1925 436 1991 pluvio
451 1923 594 1993 dispergitur
608 1927 686 1976 iinbre
698 1947 704 1975 :
717 1923 827 1976 draconis

162 2002 236 2053 Nunc
253 2018 363 2053 contorta
379 2002 455 2053 modo
468 2038 476 2063 ‚
489 2003 531 2053 teli
549 2022 613 2054 nunc
631 2006 721 2056 miffilis
735 2006 806 2055 instar

163 2079 304 2149 Ejaculata,
316 2079 378 2130 leves
395 2082 515 2148 aspergine
530 2082 639 2132 verberat
653 2098 729 2132 auras.

196 2156 274 2207 Arbor
288 2150 508 2219 adoptivosprimo
523 2154 658 2221 generosior
670 2170 722 2205 evo

165 2227 273 2291 Accipiat
287 2242 381 2274 ramos:
394 2240 421 2275 ut
437 2230 501 2277 enirn
517 2228 620 2278 sanabile
634 2228 720 2277 vulnus
800 2265 803 2269 -

164 2301 275 2353 Perfacili
291 2306 341 2351 coit
357 2305 383 2351 in
400 2304 514 2353 membris
528 2305 658 2368 puerilibus
673 2319 743 2362 astet
834 2329 841 2336 -

164 2382 202 2430 Sic
215 2380 273 2429 levis
290 2383 315 2428 in
331 2395 413 2429 tenero
425 2378 454 2431 fit
468 2384 557 2429 cortice
573 2381 660 2445 plaga,
673 2379 771 2447 diesque

164 2457 219 2509 Post
235 2457 329 2523 aliquot
344 2470 428 2505 trunco
445 2458 557 2507 coalescit
571 2460 597 2506 in
610 2458 703 2522 hospite
717 2473 807 2506 ramus.

195 2534 254 2585 Non
262 2536 423 2600 quascumque
433 2532 500 2584 voles
507 2534 599 2599 plantas
610 2550 690 2583 tamen
700 2537 787 2599 excipit
797 2539 879 2585 omnia

162 2613 242 2667 Arbor
258 2610 289 2661 ad
305 2613 430 2661 arbitrium
442 2628 450 2670 3
464 2628 553 2661 veteres
568 2629 613 2661 nec
628 2616 722 2662 vincere
738 2629 821 2661 rerum

148 2690 206 2739 'Fae
223 2690 386 2748 inimicitias,
408 2692 431 2735 δι
448 2688 576 2738 conciliare
590 2690 683 2754 pirosve

81 2782 83 2787 ’
162 2766 321 2826 Quercubus,
334 2779 375 2813 aut
385 2767 445 2814 vites
460 2764 536 2825 oleis,
548 2766 714 2831 Bacchumque
725 2766 851 2814 Minervae.

195 2841 278 2893 Natali
295 2844 345 2891 sata
359 2845 431 2891 trima
446 2842 502 2893 loco
517 2843 639 2901 mutabis,
654 2845 756 2890 amicam

164 2921 294 2971 Arboribus
312 2934 400 2970 terram
415 2922 440 2968 δι
456 2919 509 2969 loca
524 2917 691 2969 commodiora
704 2921 833 2985 requirens.

140 3064 144 3085 Ι
164 3000 188 3049 st
204 3015 256 3067 quae
271 2997 374 3048 mutatis
390 2994 428 3045 vel
443 3011 493 3045 non
511 2993 688 3062 comprenderit
702 2997 780 3057 arvis,
