2359 3975
268 501 351 594 “184
424 500 623 571 Pnnnrr
651 497 877 568 Rusrrer
1023 165 1107 580 Α

280 622 414 686 Conn'guas
432 621 533 670 habuere
551 615 657 666 dumosa
668 618 745 681 magis
762 612 804 664 iste
823 612 942 678 lacerna,

277 697 322 748 llle
337 697 391 746 Deo
409 693 509 746 confisus
521 727 530 753 ,
543 693 646 741 humum
663 687 788 739 sudoribus
806 688 895 740 iisdem

278 771 331 822 Nec
347 771 422 820 fruslu
441 768 535 818 coluere
550 769 602 832 pari
614 784 620 814 e
632 766 672 813 seu
688 762 801 814 verulitor
815 765 902 813 urbem

277 847 378 913 Mopsus
393 843 460 904 edit,
476 843 539 892 ferro
556 838 662 890 docilem
677 840 717 888 seu
732 837 812 887 cultor
827 837 937 904 agellum

278 922 417 981 Sollicitat,
433 919 510 985 plenis
526 912 670 981 respondent
688 915 772 961 omnia
783 915 857 962 votis.
887 919 891 924 ’

277 997 310 1045 At
326 992 445 1058 Corydon
462 995 544 1056 inopes
562 991 603 1040 vix
617 987 713 1052 colligit
729 982 793 1035 unde
809 1000 908 1052 penates

277 1070 411 1129 Sustineat,
427 1068 584 1131 miseramque
600 1064 678 1112 trahat
693 1077 750 1110 eum
764 1065 868 1127 coniuge
880 1067 967 1114 vitam.

310 1144 388 1193 AEstus
405 1155 474 1200 aar,
491 1138 608 1204 festasque
622 1135 691 1195 dieue
702 1138 822 1202 amboque
835 1138 879 1186 sub
893 1140 977 1188 umbre

277 1224 411 1274 Gramineis
427 1217 506 1268 sedire
526 1222 593 1268 toris.
607 1217 631 1266 O
646 1217 754 1282 Mopse,
769 1217 852 1266 beatos

277 1303 374 1361 Miror,
393 1300 427 1347 ait
443 1295 582 1360 Corydon,
598 1299 640 1346 uni
654 1298 700 1346 tibi
713 1297 805 1360 surgere
822 1296 901 1347 soles!

277 1381 373 1430 Semina
389 1375 484 1428 diverfis
499 1393 529 1425 en
545 1391 572 1425 ut
590 1379 730 1430 communis
748 1374 802 1424 satis

277 1457 449 1523 consurgant!
462 1460 528 1524 atqui
544 1473 595 1506 non
610 1454 754 1522 ingeniosius
765 1455 824 1505 alter
915 1465 921 1474 ’

277 1536 393 1597 Excolir,
413 1552 454 1587 aut
471 1536 575 1602 lymphis
589 1541 657 1603 iuvat
673 1535 821 1584 uberioribus
838 1532 934 1581 herbas.

277 1615 378 1682 Mopsus
389 1615 419 1666 ad
430 1621 489 1666 haec.
502 1617 555 1668 Alia
565 1651 572 1677 ,
582 1615 598 1666 ὂ
609 1613 742 1678 Corydon,
752 1611 793 1662 sed
803 1614 902 1676 cognita
912 1611 993 1675 paucis

280 1690 317 1740 Te
336 1709 432 1758 quoque
446 1708 502 1741 cura
519 1691 578 1741 later
597 1691 697 1755 Superos
712 1692 737 1737 in
749 1702 807 1739 vota
821 1683 946 1736 vocandi:

276 1763 384 1815 insontes
403 1783 458 1815 cum
474 1782 533 1816 voce
552 1781 636 1814 manus
653 1763 688 1813 fer
704 1760 734 1812 ad
752 1761 828 1820 astra,
837 1761 978 1826 priusquam

276 1837 411 1890 Admoveas
427 1843 513 1904 operi,
529 1839 710 1904 fortunatusque
723 1833 815 1887 videbis

275 1913 342 1962 Intus
359 1914 411 1973 ali,
430 1916 454 1962 bc
473 1914 544 1962 succo
558 1913 657 1963 meliore
671 1912 801 1961 tumescere
821 1908 923 1974 plantas.

275 1987 419 2052 obsequitur
435 1990 535 2036 monitis
550 1986 689 2051 Corydon3
706 2004 750 2036 nec
769 2001 831 2036 vana
845 1981 963 2050 precandi

274 2063 380 2128 Relligio
391 2081 397 2111 t
408 2060 509 2112 redeunt
524 2068 610 2113 anime
627 2064 793 2128 languentibus
809 2062 911 2125 herbis,

274 2136 453 2206 Forcundosque
467 2138 528 2189 finus
543 2141 641 2200 laxans,
655 2143 679 2189 se
692 2136 766 2189 messe
777 2154 881 2189 coronat

278 2218 396 2269 Uberiore
412 2221 462 2284 pias
480 2220 565 2268 humus
582 2216 708 2267 emendata
722 2234 764 2283 per
776 2231 846 2267 artes.
885 2238 890 2245 ·

308 2296 414 2347 Rusticus
432 2298 545 2362 ancipites
558 2296 658 2344 hiberna
672 2311 714 2359 per
730 2298 781 2343 otia
796 2310 902 2355 martas,

276 2372 443 2437 Persarumque
459 2378 649 2437 paret'cratem,
664 2369 783 2438 durosque
797 2370 910 2436 ligones,

276 2450 472 2515 Capreolosque,
488 2450 572 2514 quibus
588 2449 670 2515 glbas
685 2465 793 2499 exerceat
809 2452 891 2498 arinis.

274 2528 339 2575 Tum
355 2542 451 2591 quoqne
467 2528 548 2573 vicino
562 2540 652 2590 querat
669 2524 712 2574 sbi
728 2527 818 2574 semina
833 2543 911 2588 rure,

273 2602 305 2653 Et
320 2606 398 2653 varios
414 2600 485 2649 oleris
504 2604 636 2664 generatim
654 2598 757 2650 ediscere
773 2601 852 2650 cultus

275 2682 334 2733 Non
343 2684 424 2747 pigeat
433 2698 439 2727 s
449 2694 525 2744 neque
536 2680 602 2728 eninr
613 2678 700 2744 plantis
711 2695 766 2744 ager
775 2681 890 2730 omnibus
900 2698 978 2747 unus,

274 2760 333 2813 Non
351 2758 435 2810 eadem
451 2758 544 2808 cultura
557 2760 658 2824 placet,
674 2760 814 2825 tempusque
830 2759 933 2810 serendi.

307 2840 362 2888 Pars
379 2852 444 2888 amat
461 2836 551 2887 oestiyos
565 2835 646 2895 soles,
663 2851 716 2901 pars
732 2835 824 2901 frigus,
836 2840 861 2886 &
873 2838 934 2888 Euri

274 2916 403 2981 Aspernata
418 2918 511 2974 minas,
526 2914 603 2962 illresae
617 2910 709 2962 frondis
722 2914 841 2962 honorem

275 2986 322 3044 Per
339 2993 428 3043 medias
444 2992 532 3043 hierbes
550 2994 626 3043 servat
635 3010 644 3053 3
658 3008 711 3057 pars
728 2991 826 3042 condita
842 2996 910 3043 terris

271 3070 334 3123 lion
351 3072 441 3121 sursuin
457 3066 552 3137 prodire
567 3071 639 3135 pigris
655 3066 776 3121 radicibus
792 3066 883 3132 audet,
963 3113 969 3120 .

1099 1594 1106 1669 i
