2359 3975
280 515 334 599 86
432 515 865 594 Prnnrarsrrcr
934 603 940 619 ¹
995 605 1009 618 .

284 625 474 696 Lanificam'sed
487 657 537 691 non
552 637 629 692 deerit
643 641 685 705 qus
700 635 815 687 mollibus
830 649 906 686 artem

283 709 438 770 Calminibus
451 717 554 766 celebret
565 729 631 766 vates
643 732 651 773 3
668 717 693 763 bt
705 715 803 780 pessinis
815 715 871 761 unci

283 796 331 848 Vel
345 797 451 861 Phrygiae
465 791 603 844 moderator
616 790 691 852 acius,
707 793 813 839 imitetur
828 788 926 860 agrestes
997 847 1001 852 .

283 874 390 925 Delicias
404 875 484 932 ruris,
499 869 538 922 vel
553 870 647 934 Regum
659 865 741 934 prelia
755 881 821 916 textu

283 949 378 1002 Artifici
392 949 478 999 referat
493 966 500 997 s
515 947 584 998 nobis
601 941 757 995 memoranda
772 943 906 1008 supersunt·

283 1027 365 1080 Multa
374 1027 459 1078 ovibus
469 1026 537 1090 super
547 1058 556 1086 ‚
569 1038 641 1090 atque
651 1025 735 1072 ovium
744 1017 840 1069 custode
850 1013 971 1068 Molosso.
984 1079 986 1082 Ι

317 1106 345 1156 ln
357 1107 435 1155 varios
448 1118 518 1168 pecus
534 1117 606 1150 omne
621 1109 702 1165 greges
717 1097 823 1164 disperge
836 1115 844 1156 3
860 1099 959 1145 remotis
1000 1094 1004 1103 '

283 1177 320 1227 Ut
331 1179 426 1244 pascens
439 1178 495 1224 hinc
511 1173 566 1224 inde
583 1174 660 1234 locis,
676 1177 702 1223 ὃ(
715 1176 828 1238 graminis
841 1172 941 1220 herbam
998 1173 1004 1184 ’

284 1253 366 1304 Latius
382 1253 510 1312 absumat,
528 1267 572 1302 nec
589 1267 646 1309 oves
661 1254 701 1302 via
715 1251 788 1315 longa
805 1249 909 1314 fatiget3
995 1299 999 1306 ,

284 1329 337 1380 Nec
354 1344 450 1396 pereant
466 1345 570 1389 omnes,
588 1320 663 1378 trassu
682 1326 698 1376 fi
715 1328 784 1393 pestis
799 1329 824 1375 in
840 1341 889 1375 uno

284 1409 410 1468 saevierit,
430 1403 540 1456 noudum
556 1421 629 1456 cerras
643 1403 745 1471 grassata
760 1421 802 1471 per
817 1419 910 1453 omnes.

284 1481 345 1543 Qu:
360 1480 440 1547 fragili
456 1477 584 1530 metuenda
600 1482 676 1544 magis
692 1479 804 1542 contagia
818 1491 915 1541 capra,

284 1561 324 1610 Tu
336 1558 398 1621 nist,
413 1575 486 1627 quem
499 1559 564 1608 tabes
579 1559 690 1608 invaserit
704 1554 820 1616 horrida,
835 1553 932 1604 claudas

283 1635 350 1688 lutra
364 1639 428 1702 septa
441 1651 557 1704 gregem3
572 1651 701 1701 cannaque
714 1632 841 1699 palustris,
856 1636 882 1683 st
898 1630 959 1682 alba

284 1713 385 1764 Radices
402 1715 473 1780 spina
490 1717 557 1764 tritas
571 1710 716 1778 pluvialibus
732 1708 802 1760 undis

284 1791 444 1851 immiscens,
461 1794 527 1856 aegris
541 1805 602 1856 potu
619 1788 729 1839 medeare
744 1787 849 1854 capellis.

317 1871 357 1921 Est
367 1869 408 1919 ubi
415 1871 499 1919 miscet
510 1883 580 1934 agens
586 1883 674 1934 pecora
683 1867 866 1926 omniaPallor‚
878 1869 983 1934 ovesque

285 1949 352 2003 Cum
363 1941 447 1999 'suibus
461 1950 551 2015 Junslas
563 1964 614 1998 uno
631 1945 757 2014 compellit
771 1947 862 1997 hibisco
875 1964 883 2007 3

283 2027 413 2079 Diffimiles
426 2042 572 2094 quamquam
587 2024 664 2076 studia
676 2028 702 2075 in
718 2028 835 2076 contraria
851 2026 907 2076 ferri

284 2108 377 2173 Spesiet
389 2107 501 2172 utrosque
513 2122 594 2171 greges
610 2122 617 2154 t
631 2102 700 2155 filvas
716 2108 742 2154 ὅτ
753 2121 829 2171 opaca
843 2105 974 2172 sequuntur

284 2184 349 2235 Rura
360 2186 411 2234 sues
427 2202 434 2232 ι
447 2199 532 2234 nemus
544 2199 618 2233 omne
630 2179 715 2232 bidens
727 2184 816 2244 erosa,
833 2184 935 2233 virentes
1004 2182 1008 2187 ’

284 2253 383 2306 Tondet
396 2270 481 2323 agros,
495 2271 538 2305 nec
554 2270 620 2306 asnat
630 2253 737 2305 fluvialia
751 2257 852 2319 littora,
867 2261 960 2325 magnis

285 2334 345 2397 Qun
360 2336 483 2385 scrobibus
497 2334 566 2401 gestit
582 2330 657 2385 foffor
671 2332 797 2384 concidere
809 2351 903 2401 porcus.

283 2412 330 2463 lllc
342 2412 475 2464 volutabris
491 2412 578 2462 fruitur
593 2427 730 2478 coenoque;
747 2410 851 2462 lutosam

284 2490 333 2541 Vix
344 2493 443 2540 summis
455 2492 505 2539 haec
516 2489 588 2540 audet
600 2492 703 2539 humum
716 2490 964 2562 contingerepplantis.

284 2566 383 2618 Eratos
400 2567 490 2617 alterna
505 2568 556 2616 sues
573 2570 599 2617 in
614 2567 714 2618 vulnera
730 2565 813 2619 dentes

284 2644 381 2709 Semper
397 2644 486 2693 habent
503 2662 510 2693 s
527 2646 578 2695 ovis
596 2648 694 2711 ingenio
710 2646 745 2696 nil
759 2649 861 2707 mitius3
876 2646 925 2697 und

283 2716 417 2767 Gramineis
434 2718 560 2783 pascuntur
578 2722 659 2785 agris,
678 2719 841 2786 glomerantur
858 2725 883 2771 in
895 2724 982 2774 orbem

284 2795 397 2861 Spissius,
414 2799 439 2846 δε
456 2793 548 2846 medios
565 2798 607 2846 ubi
622 2795 716 2847 denfior
730 2800 816 2848 umbra
831 2814 873 2865 per
886 2800 953 2850 aellus
984 2843 987 2847 .

283 2870 390 2934 Desinit,
411 2873 506 2923 alterius
524 2890 596 2941 caput
612 2875 685 2926 altera
704 2877 799 2942 suincit
817 2876 881 2929 alvo.
970 2874 976 2881 ⁸

285 2952 311 3002 Si
325 2955 421 3017 cuspes
435 2969 531 3019 campos
547 2955 570 3003 se
586 2953 665 3004 fertile
680 2969 778 3021 gramen
794 2957 861 3005 eunti

285 3026 426 3093 obturent,
441 3032 541 3098 pingues
558 3028 611 3083 usa
625 3046 677 3084 non
692 3029 788 3088 ursas
799 3032 907 3097 uersa,
976 3020 981 3028 '
996 3019 1008 3053 ⁴
