2359 3975
310 440 379 512 206
453 437 660 508 Pnnnrt
685 435 908 509 Rusrrcr
998 469 1003 474 ·

309 558 338 609 ln
353 554 510 607 testudineum
526 559 644 606 sarmenta
660 557 768 622 sequacia
782 554 883 607 dorsum

308 634 345 685 lre
358 637 444 702 jubet,
459 650 542 686 contra
555 634 647 683 aestivos
661 634 802 683 umbracula
814 636 886 686 soles.

339 711 369 759 ln
379 727 554 777 quamcumque
568 708 628 758 velis
642 707 728 757 faciem
745 710 768 757 se
780 709 868 761 tollere
881 715 962 776 viter,

308 788 408 854 Optima
423 806 475 858 quae
491 789 557 838 culto
574 787 632 854 figas
646 787 763 854 plantaria
778 788 842 838 colse

307 868 398 936 Eligito
408 869 440 920 :sr
457 868 516 936 quid
531 872 585 919 vitii
600 867 703 918 delectus
720 869 833 928 habebit3

241 957 244 969 ⁴
308 948 365 1000 Arte
383 949 468 1000 dehinc
486 950 553 1000 nulli
569 951 659 1014 generis
674 949 804 1013 reparabile
818 947 936 999 damnum
946 949 986 998 est.

308 1021 366 1073 Nou
379 1027 451 1075 habet
466 1041 545 1090 empta
562 1023 634 1074 fidem
650 1025 707 1074 vitis
719 1058 727 1084 ,
741 1023 852 1090 fallitque
868 1025 952 1074 coloni

308 1100 364 1163 Spes
375 1099 470 1160 avidas,
483 1099 531 1150 alio
543 1099 585 1148 sibi
597 1115 649 1164 quae
658 1100 828 1147 transmittitur
839 1100 915 1148 orbe:

307 1173 390 1224 Nescit
407 1179 471 1224 enim
485 1179 609 1241 peregrina
622 1180 691 1224 novis
706 1171 833 1225 assuescere
850 1181 937 1238 tetris,

307 1252 450 1318 Amittitque
467 1254 533 1302 suam
548 1266 643 1301 mutato
658 1250 731 1301 fidere
744 1252 844 1302 famam.

339 1327 404 1380 cum
419 1330 507 1389 rubet,
526 1345 552 1377 ac
571 1342 637 1378 torro
651 1331 717 1378 mitis
733 1327 856 1378 vindemia
872 1330 940 1381 collo

306 1405 423 1456 Extremit
441 1405 527 1454 Fruitur
544 1409 593 1470 jam
609 1405 699 1454 solibus
711 1423 718 1464 3
730 1406 791 1472 elige
805 1411 881 1457 vitem

307 1483 366 1543 Quae
377 1485 466 1549 peperit
480 1481 574 1547 plures,
585 1479 662 1530 modo
674 1479 703 1531 fit
713 1484 782 1547 sapor
794 1487 921 1548 optimus,
932 1503 998 1537 uvas,

306 1559 366 1611 lnde
379 1577 442 1627 petes
458 1562 574 1609 sarmenta
590 1573 643 1606 tuos
655 1557 779 1623 pangenda
793 1575 835 1624 per
848 1577 933 1626 agros:

305 1640 384 1708 Atque
395 1655 422 1690 ut
431 1635 497 1690 nosse
508 1655 577 1704 queas
584 1641 647 1704 ,lam
659 1651 711 1687 turn
721 1639 760 1688 vel
771 1639 865 1690 summa
873 1639 971 1706 flagella

305 1713 428 1778 Demere,
445 1716 483 1766 rel
499 1731 583 1764 trunco
600 1716 686 1764 rubeos
698 1717 801 1774 inscribe
816 1717 920 1768 colores.
954 1743 958 1749 ’

339 1795 398 1855 Qua
413 1793 470 1844 vcro
483 1797 563 1858 potior
579 1793 660 1850 satio,
675 1806 728 1858 qua
745 1793 825 1843 forma
838 1793 949 1857 serendi,

306 1869 395 1918 Omnia
409 1867 492 1919 divino
506 1864 598 1916 dudum
609 1866 706 1932 vulgata
721 1867 837 1927 Maroni,

305 1943 392 1995 Dicere
408 1942 442 1993 nil
457 1957 516 2008 opus
534 1941 566 1990 est
575 1960 581 1990 z
591 1956 616 1991 at
631 1941 680 2009 qui
693 1945 786 1991 ratione
799 1955 922 1993 recentem

305 2021 326 2070 A
340 2022 424 2071 teneris
441 2020 516 2069 vitem
530 2016 664 2077 informes,
680 2015 813 2083 doceasque
824 2018 904 2068 labori

306 2095 532 2167 Responderextu03
547 2096 628 2159 paucis
642 2095 694 2143 hac
708 2098 790 2143 omnia
805 2109 871 2145 vater

305 2175 461 2237 Perstrinxit,
473 2190 551 2225 rerum
566 2174 658 2238 fastigia
674 2176 769 2223 summa
786 2176 909 2239 sequutus.

305 2253 340 2301 Ac
356 2251 422 2302 velut
438 2252 530 2317 egregia
543 2245 657 2315 pingendi
670 2250 778 2314 quisquis
794 2252 820 2297 in
836 2264 887 2298 arte

305 2328 404 2379 Nomen
412 2331 499 2388 habet,
511 2329 594 2392 primis
604 2326 763 2391 hebitumque
772 2324 891 2392 ficumque
902 2326 998 2392 figuris,

304 2406 336 2457 Er
351 2421 505 2473 quecumque
519 2404 586 2469 operi
599 2402 638 2450 seu
652 2405 688 2450 vie
702 2404 743 2452 seu
756 2405 832 2467 gratia
847 2403 974 2470 postquam

305 2482 396 2533 indidit
410 2484 458 2547 ipse
470 2517 478 2540 ,
489 2480 543 2531 rudi
559 2483 678 2544 permittit
690 2493 774 2541 cetera
789 2477 877 2529 dextre
894 2499 902 2530 t

304 2561 343 2607 Sic
358 2562 450 2623 majora
464 2571 564 2607 movens
579 2558 678 2616 animo,
690 2570 743 2621 quae
757 2556 834 2605 multa
848 2560 950 2622 parabat

303 2634 410 2684 Praetcrit
419 2669 427 2694 ,
439 2646 509 2699 arque
521 2633 572 2682 aun
582 2632 655 2682 Maro
665 2625 878 2683 commemoranda
887 2637 1008 2703 relinquit.

337 2712 401 2778 Ergo
409 2710 477 2761 rudes
485 2713 547 2770 huc,
560 2710 631 2759 Musa
640 2745 647 2770 ,
656 2726 740 2759 manus
748 2729 754 2759 τ
763 2714 813 2776 jam
824 2712 930 2776 pullulat
941 2719 1013 2781 agris,

303 2792 360 2841 Jam
374 2808 437 2843 nova
452 2793 565 2859 primaevo
581 2790 650 2839 veslit
665 2792 688 2838 se
702 2794 772 2839 vinea
785 2806 864 2840 ramo.

302 2867 350 2917 Eia
366 2872 429 2933 agite
445 2865 561 2931 Agricolae
571 2900 580 2926 ,
591 2865 668 2915 rastris
681 2864 790 2931 duroque
803 2866 885 2930 ligone

303 2942 384 2991 Prima
399 2946 477 3007 juvate
494 2944 550 2989 novi
567 2940 647 3005 paruis
665 2938 812 3000 conamina,
830 2956 923 2992 terram

254 3017 256 3026 ’
303 3019 417 3079 Vertite,
432 3024 457 3069 &
470 3020 578 3086 obliquas
594 3017 678 3069 effosus
697 3019 766 3069 altius
782 3020 843 3083 agris

302 3097 396 3165 Cogite
415 3098 505 3149 radices
522 3100 647 3150 meliorem
664 3101 905 3151 accersere'suc'cutn.
