<?xml version="1.0" encoding="UTF-8"?>
<!DOCTYPE html PUBLIC "-//W3C//DTD XHTML 1.0 Transitional//EN"
    "http://www.w3.org/TR/xhtml1/DTD/xhtml1-transitional.dtd">
<html xmlns="http://www.w3.org/1999/xhtml" xml:lang="en" lang="en">
 <head>
  <title>
</title>
<meta http-equiv="Content-Type" content="text/html;charset=utf-8" />
  <meta name='ocr-system' content='tesseract 3.04.00' />
  <meta name='ocr-capabilities' content='ocr_page ocr_carea ocr_par ocr_line ocrx_word'/>
</head>
<body>
  <div class='ocr_page' id='page_1' title='image "./jacobivanieriip00vanigoog/jacobivanieriip00vanigoog_0107.png"; bbox 0 0 2359 3975; ppageno 0'>
   <div class='ocr_carea' id='block_1_1' title="bbox 268 413 841 510">
    <p class='ocr_par' dir='ltr' id='par_1_1' title="bbox 268 413 841 510">
     <span class='ocr_line' id='line_1_1' title="bbox 268 413 841 510; baseline -0.003 -17"><span class='ocrx_word' id='word_1_1' title='bbox 268 413 318 493; x_wconf 79' lang='lat'>&#39;60</span> <span class='ocrx_word' id='word_1_2' title='bbox 388 415 596 492; x_wconf 68' lang='lat' dir='ltr'>Priami</span> <span class='ocrx_word' id='word_1_3' title='bbox 621 419 841 510; x_wconf 71' lang='lat' dir='ltr'>Rvsrrvr</span> 
     </span>
    </p>
   </div>
   <div class='ocr_carea' id='block_1_2' title="bbox 252 539 1009 2775">
    <p class='ocr_par' dir='ltr' id='par_1_2' title="bbox 252 539 1009 2775">
     <span class='ocr_line' id='line_1_2' title="bbox 265 539 895 608; baseline -0.002 -18"><span class='ocrx_word' id='word_1_4' title='bbox 265 539 426 607; x_wconf 79' lang='lat' dir='ltr'>Frontemque</span> <span class='ocrx_word' id='word_1_5' title='bbox 440 541 541 591; x_wconf 87' lang='lat' dir='ltr'>ostentet</span> <span class='ocrx_word' id='word_1_6' title='bbox 558 543 688 608; x_wconf 79' lang='lat' dir='ltr'>speciosam</span> <span class='ocrx_word' id='word_1_7' title='bbox 704 540 816 591; x_wconf 72' lang='lat' dir='ltr'>cornibus</span> <span class='ocrx_word' id='word_1_8' title='bbox 832 541 895 592; x_wconf 80' lang='lat' dir='ltr'>altis.</span> 
     </span>
     <span class='ocr_line' id='line_1_3' title="bbox 298 613 984 684; baseline 0.003 -20"><span class='ocrx_word' id='word_1_9' title='bbox 298 615 344 664; x_wconf 85' lang='lat' dir='ltr'>Bos</span> <span class='ocrx_word' id='word_1_10' title='bbox 355 633 430 666; x_wconf 88' lang='lat' dir='ltr'>unum</span> <span class='ocrx_word' id='word_1_11' title='bbox 441 633 526 668; x_wconf 80' lang='lat' dir='ltr'>tremat</span> <span class='ocrx_word' id='word_1_12' title='bbox 537 613 568 666; x_wconf 84' lang='lat' dir='ltr'>ad</span> <span class='ocrx_word' id='word_1_13' title='bbox 578 615 700 666; x_wconf 83' lang='lat' dir='ltr'>stimulum</span> <span class='ocrx_word' id='word_1_14' title='bbox 711 634 844 683; x_wconf 82' lang='lat' dir='ltr'>vocemque</span> <span class='ocrx_word' id='word_1_15' title='bbox 854 617 955 667; x_wconf 87' lang='lat' dir='ltr'>Bubulci</span> <span class='ocrx_word' id='word_1_16' title='bbox 967 649 984 684; x_wconf 80' lang='lat'><strong>,</strong></span> 
     </span>
     <span class='ocr_line' id='line_1_4' title="bbox 266 691 906 764; baseline 0.003 -20"><span class='ocrx_word' id='word_1_17' title='bbox 266 691 319 744; x_wconf 87' lang='lat' dir='ltr'>Nec</span> <span class='ocrx_word' id='word_1_18' title='bbox 335 712 409 747; x_wconf 85' lang='lat' dir='ltr'>vanos</span> <span class='ocrx_word' id='word_1_19' title='bbox 423 711 514 747; x_wconf 86' lang='lat' dir='ltr'>metuat</span> <span class='ocrx_word' id='word_1_20' title='bbox 531 698 658 763; x_wconf 80' lang='lat' dir='ltr'>strepitus,</span> <span class='ocrx_word' id='word_1_21' title='bbox 676 697 801 764; x_wconf 79' lang='lat' dir='ltr'>nullasque</span> <span class='ocrx_word' id='word_1_22' title='bbox 815 699 906 747; x_wconf 87' lang='lat' dir='ltr'>recuset</span> 
     </span>
     <span class='ocr_line' id='line_1_5' title="bbox 264 763 814 836; baseline 0.013 -17"><span class='ocrx_word' id='word_1_23' title='bbox 264 769 302 820; x_wconf 86' lang='lat' dir='ltr'>ire</span> <span class='ocrx_word' id='word_1_24' title='bbox 317 776 367 824; x_wconf 79' lang='lat' dir='ltr'>vias</span> <span class='ocrx_word' id='word_1_25' title='bbox 382 794 388 824; x_wconf 75' lang='grc' dir='ltr'><strong><em>ε</em></strong></span> <span class='ocrx_word' id='word_1_26' title='bbox 405 793 432 825; x_wconf 81' lang='lat' dir='ltr'>ea</span> <span class='ocrx_word' id='word_1_27' title='bbox 446 774 475 825; x_wconf 86' lang='lat' dir='ltr'>fit</span> <span class='ocrx_word' id='word_1_28' title='bbox 492 763 580 826; x_wconf 76' lang='lat' dir='ltr'>fiducia</span> <span class='ocrx_word' id='word_1_29' title='bbox 594 777 707 836; x_wconf 78' lang='lat' dir='ltr'>roboris,</span> <span class='ocrx_word' id='word_1_30' title='bbox 726 791 754 825; x_wconf 91' lang='lat' dir='ltr'>ut</span> <span class='ocrx_word' id='word_1_31' title='bbox 769 792 814 826; x_wconf 88' lang='lat' dir='ltr'>nee</span> 
     </span>
     <span class='ocr_line' id='line_1_6' title="bbox 263 845 885 919; baseline 0.013 -23"><span class='ocrx_word' id='word_1_32' title='bbox 263 845 355 900; x_wconf 79' lang='lat' dir='ltr'>Auditu</span> <span class='ocrx_word' id='word_1_33' title='bbox 370 849 469 916; x_wconf 80' lang='lat' dir='ltr'>pavidus</span> <span class='ocrx_word' id='word_1_34' title='bbox 484 869 561 919; x_wconf 88' lang='lat' dir='ltr'>neque</span> <span class='ocrx_word' id='word_1_35' title='bbox 575 855 649 913; x_wconf 81' lang='lat' dir='ltr'>visu,</span> <span class='ocrx_word' id='word_1_36' title='bbox 664 855 785 903; x_wconf 74' lang='lat' dir='ltr'>interritus</span> <span class='ocrx_word' id='word_1_37' title='bbox 799 855 885 904; x_wconf 86' lang='lat' dir='ltr'>urbem</span> 
     </span>
     <span class='ocr_line' id='line_1_7' title="bbox 263 923 934 997; baseline 0.007 -22"><span class='ocrx_word' id='word_1_38' title='bbox 263 923 297 976; x_wconf 85' lang='lat' dir='ltr'>Et</span> <span class='ocrx_word' id='word_1_39' title='bbox 314 929 444 978; x_wconf 80' lang='lat' dir='ltr'>tremulum</span> <span class='ocrx_word' id='word_1_40' title='bbox 460 931 541 979; x_wconf 88' lang='lat' dir='ltr'>subeat</span> <span class='ocrx_word' id='word_1_41' title='bbox 554 945 654 995; x_wconf 84' lang='lat' dir='ltr'>pontem</span> <span class='ocrx_word' id='word_1_42' title='bbox 671 928 801 997; x_wconf 71' lang='lat' dir='ltr'>fluviosque</span> <span class='ocrx_word' id='word_1_43' title='bbox 816 932 934 980; x_wconf 76' lang='lat' dir='ltr'>sonantes.</span> 
     </span>
     <span class='ocr_line' id='line_1_8' title="bbox 297 1001 895 1070; baseline 0.003 -19"><span class='ocrx_word' id='word_1_44' title='bbox 297 1001 342 1052; x_wconf 83' lang='lat' dir='ltr'>Per</span> <span class='ocrx_word' id='word_1_45' title='bbox 354 1001 440 1052; x_wconf 83' lang='lat' dir='ltr'>virides</span> <span class='ocrx_word' id='word_1_46' title='bbox 457 1003 528 1053; x_wconf 80' lang='lat' dir='ltr'>saltus</span> <span class='ocrx_word' id='word_1_47' title='bbox 544 1018 667 1052; x_wconf 83' lang='lat' dir='ltr'>taurorum</span> <span class='ocrx_word' id='word_1_48' title='bbox 683 1004 757 1053; x_wconf 84' lang='lat' dir='ltr'>libera</span> <span class='ocrx_word' id='word_1_49' title='bbox 771 1002 895 1070; x_wconf 69' lang='lat' dir='ltr'>quondam</span> 
     </span>
     <span class='ocr_line' id='line_1_9' title="bbox 263 1075 863 1148; baseline 0.005 -20"><span class='ocrx_word' id='word_1_50' title='bbox 263 1075 382 1130; x_wconf 80' lang='lat' dir='ltr'>Errabant</span> <span class='ocrx_word' id='word_1_51' title='bbox 396 1095 523 1140; x_wconf 84' lang='lat' dir='ltr'>armenta,</span> <span class='ocrx_word' id='word_1_52' title='bbox 540 1083 590 1148; x_wconf 73' lang='lat' dir='ltr'>jugi</span> <span class='ocrx_word' id='word_1_53' title='bbox 608 1083 709 1141; x_wconf 75' lang='lat' dir='ltr'>secut23</span> <span class='ocrx_word' id='word_1_54' title='bbox 725 1083 863 1147; x_wconf 82' lang='lat' dir='ltr'>priusquam</span> 
     </span>
     <span class='ocr_line' id='line_1_10' title="bbox 262 1155 784 1222; baseline 0.002 -17"><span class='ocrx_word' id='word_1_55' title='bbox 262 1155 284 1206; x_wconf 88' lang='lat' dir='ltr'>E</span> <span class='ocrx_word' id='word_1_56' title='bbox 299 1158 380 1222; x_wconf 84' lang='lat' dir='ltr'>patriis</span> <span class='ocrx_word' id='word_1_57' title='bbox 395 1159 499 1207; x_wconf 84' lang='lat' dir='ltr'>humana</span> <span class='ocrx_word' id='word_1_58' title='bbox 517 1158 577 1208; x_wconf 83' lang='lat' dir='ltr'>ferat</span> <span class='ocrx_word' id='word_1_59' title='bbox 590 1155 707 1208; x_wconf 86' lang='lat' dir='ltr'>industria</span> <span class='ocrx_word' id='word_1_60' title='bbox 721 1157 784 1207; x_wconf 81' lang='lat' dir='ltr'>silvie</span> 
     </span>
     <span class='ocr_line' id='line_1_11' title="bbox 262 1231 864 1300; baseline -0.002 -15"><span class='ocrx_word' id='word_1_61' title='bbox 262 1233 388 1294; x_wconf 74' lang='lat' dir='ltr'>Duceret5</span> <span class='ocrx_word' id='word_1_62' title='bbox 405 1238 431 1285; x_wconf 72' lang='lat' dir='ltr'>bt</span> <span class='ocrx_word' id='word_1_63' title='bbox 447 1235 521 1300; x_wconf 76' lang='lat' dir='ltr'>longo</span> <span class='ocrx_word' id='word_1_64' title='bbox 537 1231 608 1300; x_wconf 74' lang='lat' dir='ltr'>jussae</span> <span class='ocrx_word' id='word_1_65' title='bbox 623 1236 784 1284; x_wconf 81' lang='lat' dir='ltr'>mansuescere</span> <span class='ocrx_word' id='word_1_66' title='bbox 796 1234 864 1284; x_wconf 80' lang='lat' dir='ltr'>cuitu</span> 
     </span>
     <span class='ocr_line' id='line_1_12' title="bbox 262 1309 862 1376; baseline 0 -16"><span class='ocrx_word' id='word_1_67' title='bbox 262 1309 360 1376; x_wconf 84' lang='lat' dir='ltr'>Imperii</span> <span class='ocrx_word' id='word_1_68' title='bbox 376 1309 466 1361; x_wconf 81' lang='lat' dir='ltr'>dociles</span> <span class='ocrx_word' id='word_1_69' title='bbox 483 1311 594 1362; x_wconf 82' lang='lat' dir='ltr'>faceret:</span> <span class='ocrx_word' id='word_1_70' title='bbox 610 1327 663 1362; x_wconf 90' lang='lat' dir='ltr'>tum</span> <span class='ocrx_word' id='word_1_71' title='bbox 678 1313 774 1362; x_wconf 79' lang='lat' dir='ltr'>brachia</span> <span class='ocrx_word' id='word_1_72' title='bbox 786 1309 862 1362; x_wconf 76' lang='lat' dir='ltr'>fossor</span> 
     </span>
     <span class='ocr_line' id='line_1_13' title="bbox 261 1387 933 1455; baseline 0.003 -16"><span class='ocrx_word' id='word_1_73' title='bbox 261 1387 389 1439; x_wconf 79' lang='lat' dir='ltr'>Versmdis</span> <span class='ocrx_word' id='word_1_74' title='bbox 404 1387 532 1439; x_wconf 79' lang='lat' dir='ltr'>adhibebat</span> <span class='ocrx_word' id='word_1_75' title='bbox 548 1390 630 1454; x_wconf 80' lang='lat' dir='ltr'>agris,</span> <span class='ocrx_word' id='word_1_76' title='bbox 647 1405 724 1455; x_wconf 87' lang='lat' dir='ltr'>neque</span> <span class='ocrx_word' id='word_1_77' title='bbox 740 1393 836 1454; x_wconf 77' lang='lat' dir='ltr'>jungere</span> <span class='ocrx_word' id='word_1_78' title='bbox 853 1403 933 1440; x_wconf 68' lang='lat' dir='ltr'>muros</span> 
     </span>
     <span class='ocr_line' id='line_1_14' title="bbox 260 1462 960 1533; baseline 0.001 -16"><span class='ocrx_word' id='word_1_79' title='bbox 260 1463 341 1517; x_wconf 83' lang='lat' dir='ltr'>Norat</span> <span class='ocrx_word' id='word_1_80' title='bbox 354 1464 449 1527; x_wconf 84' lang='lat' dir='ltr'>adhuc,</span> <span class='ocrx_word' id='word_1_81' title='bbox 462 1481 506 1516; x_wconf 86' lang='lat' dir='ltr'>nec</span> <span class='ocrx_word' id='word_1_82' title='bbox 520 1482 583 1532; x_wconf 89' lang='lat' dir='ltr'>equo</span> <span class='ocrx_word' id='word_1_83' title='bbox 595 1466 668 1525; x_wconf 89' lang='lat' dir='ltr'>ferri,</span> <span class='ocrx_word' id='word_1_84' title='bbox 681 1462 839 1531; x_wconf 86' lang='lat' dir='ltr'>domibusque</span> <span class='ocrx_word' id='word_1_85' title='bbox 849 1480 960 1533; x_wconf 74' lang='lat' dir='ltr'>recepmt</span> 
     </span>
     <span class='ocr_line' id='line_1_15' title="bbox 260 1537 908 1609; baseline 0 -17"><span class='ocrx_word' id='word_1_86' title='bbox 260 1537 396 1593; x_wconf 78' lang='lat' dir='ltr'>informare</span> <span class='ocrx_word' id='word_1_87' title='bbox 412 1559 500 1604; x_wconf 84' lang='lat' dir='ltr'>canes,</span> <span class='ocrx_word' id='word_1_88' title='bbox 517 1543 654 1609; x_wconf 77' lang='lat' dir='ltr'>vitulosque</span> <span class='ocrx_word' id='word_1_89' title='bbox 672 1557 788 1607; x_wconf 77' lang='lat' dir='ltr'>apponere</span> <span class='ocrx_word' id='word_1_90' title='bbox 803 1540 908 1592; x_wconf 75' lang='lat' dir='ltr'>mense:</span> 
     </span>
     <span class='ocr_line' id='line_1_16' title="bbox 260 1618 835 1688; baseline -0.002 -18"><span class='ocrx_word' id='word_1_91' title='bbox 260 1618 308 1670; x_wconf 85' lang='lat' dir='ltr'>Sed</span> <span class='ocrx_word' id='word_1_92' title='bbox 325 1621 400 1672; x_wconf 81' lang='lat' dir='ltr'>veluti</span> <span class='ocrx_word' id='word_1_93' title='bbox 415 1619 514 1688; x_wconf 81' lang='lat' dir='ltr'>grandes</span> <span class='ocrx_word' id='word_1_94' title='bbox 527 1638 571 1672; x_wconf 88' lang='lat' dir='ltr'>nos</span> <span class='ocrx_word' id='word_1_95' title='bbox 584 1624 612 1671; x_wconf 89' lang='lat' dir='ltr'>in</span> <span class='ocrx_word' id='word_1_96' title='bbox 624 1623 737 1672; x_wconf 77' lang='lat' dir='ltr'>convivia</span> <span class='ocrx_word' id='word_1_97' title='bbox 752 1637 835 1672; x_wconf 82' lang='lat' dir='ltr'>cervos</span> 
     </span>
     <span class='ocr_line' id='line_1_17' title="bbox 260 1695 949 1764; baseline -0.001 -15"><span class='ocrx_word' id='word_1_98' title='bbox 260 1695 295 1749; x_wconf 80' lang='lat' dir='ltr'>Et</span> <span class='ocrx_word' id='word_1_99' title='bbox 308 1697 424 1764; x_wconf 85' lang='lat' dir='ltr'>pavidum</span> <span class='ocrx_word' id='word_1_100' title='bbox 438 1700 534 1750; x_wconf 73' lang='lat' dir='ltr'>canibus</span> <span class='ocrx_word' id='word_1_101' title='bbox 549 1698 657 1763; x_wconf 82' lang='lat' dir='ltr'>leporem</span> <span class='ocrx_word' id='word_1_102' title='bbox 672 1714 787 1748; x_wconf 81' lang='lat' dir='ltr'>venamur</span> <span class='ocrx_word' id='word_1_103' title='bbox 801 1701 827 1746; x_wconf 71' lang='grc' dir='ltr'>δι</span> <span class='ocrx_word' id='word_1_104' title='bbox 845 1715 949 1764; x_wconf 77' lang='lat' dir='ltr'>aprum:</span> 
     </span>
     <span class='ocr_line' id='line_1_18' title="bbox 260 1771 907 1838; baseline 0.002 -14"><span class='ocrx_word' id='word_1_105' title='bbox 260 1776 300 1824; x_wconf 84' lang='lat' dir='ltr'>Sic</span> <span class='ocrx_word' id='word_1_106' title='bbox 315 1794 380 1830; x_wconf 86' lang='lat' dir='ltr'>ove,</span> <span class='ocrx_word' id='word_1_107' title='bbox 399 1779 501 1825; x_wconf 72' lang='lat' dir='ltr'>masiato</span> <span class='ocrx_word' id='word_1_108' title='bbox 518 1789 645 1824; x_wconf 83' lang='lat' dir='ltr'>nemorum</span> <span class='ocrx_word' id='word_1_109' title='bbox 661 1771 693 1822; x_wconf 83' lang='lat' dir='ltr'>fic</span> <span class='ocrx_word' id='word_1_110' title='bbox 709 1774 803 1838; x_wconf 83' lang='lat' dir='ltr'>hospite</span> <span class='ocrx_word' id='word_1_111' title='bbox 817 1790 907 1835; x_wconf 81' lang='lat' dir='ltr'>tauro,</span> 
     </span>
     <span class='ocr_line' id='line_1_19' title="bbox 258 1851 882 1919; baseline 0.002 -17"><span class='ocrx_word' id='word_1_112' title='bbox 258 1853 325 1903; x_wconf 82' lang='lat' dir='ltr'>Gens</span> <span class='ocrx_word' id='word_1_113' title='bbox 342 1857 441 1919; x_wconf 86' lang='lat' dir='ltr'>antiqua</span> <span class='ocrx_word' id='word_1_114' title='bbox 455 1851 536 1902; x_wconf 76' lang='lat' dir='ltr'>vitum</span> <span class='ocrx_word' id='word_1_115' title='bbox 551 1853 644 1900; x_wconf 77' lang='lat' dir='ltr'>mensas</span> <span class='ocrx_word' id='word_1_116' title='bbox 657 1867 755 1900; x_wconf 81' lang='lat' dir='ltr'>onerare</span> <span class='ocrx_word' id='word_1_117' title='bbox 770 1852 882 1914; x_wconf 75' lang='lat' dir='ltr'>solebat,</span> 
     </span>
     <span class='ocr_line' id='line_1_20' title="bbox 259 1925 918 1996; baseline -0.005 -14"><span class='ocrx_word' id='word_1_118' title='bbox 259 1927 292 1982; x_wconf 79' lang='lat' dir='ltr'>Et</span> <span class='ocrx_word' id='word_1_119' title='bbox 307 1928 377 1982; x_wconf 80' lang='lat' dir='ltr'>nudis</span> <span class='ocrx_word' id='word_1_120' title='bbox 392 1929 523 1980; x_wconf 84' lang='lat' dir='ltr'>informem</span> <span class='ocrx_word' id='word_1_121' title='bbox 537 1929 641 1978; x_wconf 77' lang='lat' dir='ltr'>humeris</span> <span class='ocrx_word' id='word_1_122' title='bbox 658 1925 805 1978; x_wconf 72' lang='lat' dir='ltr'>circumdare</span> <span class='ocrx_word' id='word_1_123' title='bbox 821 1927 918 1996; x_wconf 77' lang='lat' dir='ltr'>pellem.</span> 
     </span>
     <span class='ocr_line' id='line_1_21' title="bbox 293 2005 876 2070; baseline -0.002 -12"><span class='ocrx_word' id='word_1_124' title='bbox 293 2009 361 2070; x_wconf 83' lang='lat' dir='ltr'>Quos</span> <span class='ocrx_word' id='word_1_125' title='bbox 377 2005 476 2058; x_wconf 84' lang='lat' dir='ltr'>dederat</span> <span class='ocrx_word' id='word_1_126' title='bbox 491 2011 550 2057; x_wconf 79' lang='lat' dir='ltr'>ritus</span> <span class='ocrx_word' id='word_1_127' title='bbox 566 2008 661 2056; x_wconf 82' lang='lat' dir='ltr'>bomini</span> <span class='ocrx_word' id='word_1_128' title='bbox 678 2005 770 2056; x_wconf 87' lang='lat' dir='ltr'>Natura</span> <span class='ocrx_word' id='word_1_129' title='bbox 787 2010 876 2057; x_wconf 85' lang='lat' dir='ltr'>recenti</span> 
     </span>
     <span class='ocr_line' id='line_1_22' title="bbox 256 2083 824 2153; baseline -0.005 -15"><span class='ocrx_word' id='word_1_130' title='bbox 256 2088 370 2138; x_wconf 73' lang='lat' dir='ltr'>servabat</span> <span class='ocrx_word' id='word_1_131' title='bbox 384 2085 434 2135; x_wconf 87' lang='lat' dir='ltr'>feta</span> <span class='ocrx_word' id='word_1_132' title='bbox 451 2102 507 2153; x_wconf 77' lang='lat' dir='ltr'>gens</span> <span class='ocrx_word' id='word_1_133' title='bbox 519 2120 529 2146; x_wconf 89' lang='lat'>,</span> <span class='ocrx_word' id='word_1_134' title='bbox 543 2083 603 2135; x_wconf 75' lang='lat' dir='ltr'>Afiae</span> <span class='ocrx_word' id='word_1_135' title='bbox 616 2083 718 2135; x_wconf 78' lang='lat' dir='ltr'>borealis</span> <span class='ocrx_word' id='word_1_136' title='bbox 732 2084 763 2133; x_wconf 88' lang='lat' dir='ltr'>ab</span> <span class='ocrx_word' id='word_1_137' title='bbox 774 2087 824 2135; x_wconf 77' lang='lat' dir='ltr'>oria</span> 
     </span>
     <span class='ocr_line' id='line_1_23' title="bbox 256 2162 1009 2229; baseline 0 -16"><span class='ocrx_word' id='word_1_138' title='bbox 256 2162 958 2229; x_wconf 71' lang='lat' dir='ltr'>Quaneruorumperopacanovumpenettavitinorbema</span> <span class='ocrx_word' id='word_1_139' title='bbox 1005 2176 1009 2183; x_wconf 82' lang='lat'><strong>·</strong></span> 
     </span>
     <span class='ocr_line' id='line_1_24' title="bbox 256 2237 793 2311; baseline -0.004 -20"><span class='ocrx_word' id='word_1_140' title='bbox 256 2240 401 2311; x_wconf 80' lang='lat' dir='ltr'>Indulgebat</span> <span class='ocrx_word' id='word_1_141' title='bbox 415 2244 479 2291; x_wconf 86' lang='lat' dir='ltr'>enim</span> <span class='ocrx_word' id='word_1_142' title='bbox 496 2237 561 2290; x_wconf 84' lang='lat' dir='ltr'>duris</span> <span class='ocrx_word' id='word_1_143' title='bbox 577 2239 722 2298; x_wconf 78' lang='lat' dir='ltr'>venatibus,</span> <span class='ocrx_word' id='word_1_144' title='bbox 737 2254 793 2289; x_wconf 82' lang='lat' dir='ltr'>areu</span> 
     </span>
     <span class='ocr_line' id='line_1_25' title="bbox 254 2317 880 2388; baseline -0.006 -15"><span class='ocrx_word' id='word_1_145' title='bbox 254 2320 390 2388; x_wconf 79' lang='lat' dir='ltr'>Expediena</span> <span class='ocrx_word' id='word_1_146' title='bbox 403 2324 503 2373; x_wconf 72' lang='lat' dir='ltr'>visum.</span> <span class='ocrx_word' id='word_1_147' title='bbox 520 2320 611 2369; x_wconf 81' lang='lat' dir='ltr'>Primos</span> <span class='ocrx_word' id='word_1_148' title='bbox 626 2318 740 2383; x_wconf 73' lang='lat' dir='ltr'>Hispania</span> <span class='ocrx_word' id='word_1_149' title='bbox 754 2317 880 2383; x_wconf 79' lang='lat' dir='ltr'>postquam</span> 
     </span>
     <span class='ocr_line' id='line_1_26' title="bbox 254 2396 914 2466; baseline -0.006 -15"><span class='ocrx_word' id='word_1_150' title='bbox 254 2400 341 2451; x_wconf 88' lang='lat' dir='ltr'>Intulit</span> <span class='ocrx_word' id='word_1_151' title='bbox 352 2405 402 2453; x_wconf 81' lang='lat' dir='ltr'>hac</span> <span class='ocrx_word' id='word_1_152' title='bbox 412 2405 438 2451; x_wconf 90' lang='lat' dir='ltr'>in</span> <span class='ocrx_word' id='word_1_153' title='bbox 448 2416 520 2466; x_wconf 80' lang='lat' dir='ltr'>regna</span> <span class='ocrx_word' id='word_1_154' title='bbox 531 2414 590 2449; x_wconf 85' lang='lat' dir='ltr'>rates</span> <span class='ocrx_word' id='word_1_155' title='bbox 603 2416 613 2456; x_wconf 72' lang='lat'>3</span> <span class='ocrx_word' id='word_1_156' title='bbox 627 2398 779 2461; x_wconf 85' lang='lat' dir='ltr'>equitemque</span> <span class='ocrx_word' id='word_1_157' title='bbox 789 2396 832 2443; x_wconf 88' lang='lat' dir='ltr'>sub</span> <span class='ocrx_word' id='word_1_158' title='bbox 841 2400 914 2447; x_wconf 69' lang='lat' dir='ltr'>armis</span> 
     </span>
     <span class='ocr_line' id='line_1_27' title="bbox 254 2471 933 2543; baseline -0.006 -16"><span class='ocrx_word' id='word_1_159' title='bbox 254 2478 364 2529; x_wconf 88' lang='lat' dir='ltr'>Ostendit</span> <span class='ocrx_word' id='word_1_160' title='bbox 379 2480 464 2543; x_wconf 83' lang='lat' dir='ltr'>prior,</span> <span class='ocrx_word' id='word_1_161' title='bbox 485 2480 510 2526; x_wconf 74' lang='lat' dir='ltr'>bc</span> <span class='ocrx_word' id='word_1_162' title='bbox 527 2478 620 2541; x_wconf 72' lang='lat' dir='ltr'>junsiot</span> <span class='ocrx_word' id='word_1_163' title='bbox 636 2471 668 2522; x_wconf 86' lang='lat' dir='ltr'>ad</span> <span class='ocrx_word' id='word_1_164' title='bbox 683 2472 785 2539; x_wconf 82' lang='lat' dir='ltr'>plaustra</span> <span class='ocrx_word' id='word_1_165' title='bbox 801 2476 933 2537; x_wconf 78' lang='lat' dir='ltr'>juvencot3</span> 
     </span>
     <span class='ocr_line' id='line_1_28' title="bbox 253 2546 920 2615; baseline -0.01 -8"><span class='ocrx_word' id='word_1_166' title='bbox 253 2556 337 2607; x_wconf 79' lang='lat' dir='ltr'>Incola</span> <span class='ocrx_word' id='word_1_167' title='bbox 353 2572 403 2605; x_wconf 84' lang='lat' dir='ltr'>non</span> <span class='ocrx_word' id='word_1_168' title='bbox 418 2556 551 2612; x_wconf 75' lang='lat' dir='ltr'>homines,</span> <span class='ocrx_word' id='word_1_169' title='bbox 569 2552 620 2601; x_wconf 80' lang='lat' dir='ltr'>alto</span> <span class='ocrx_word' id='word_1_170' title='bbox 638 2546 679 2601; x_wconf 90' lang='lat' dir='ltr'>sed</span> <span class='ocrx_word' id='word_1_171' title='bbox 693 2551 724 2598; x_wconf 87' lang='lat' dir='ltr'>ab</span> <span class='ocrx_word' id='word_1_172' title='bbox 740 2551 827 2602; x_wconf 69' lang='lat' dir='ltr'>ethere</span> <span class='ocrx_word' id='word_1_173' title='bbox 840 2550 920 2615; x_wconf 74' lang='lat' dir='ltr'>lapsos</span> 
     </span>
     <span class='ocr_line' id='line_1_29' title="bbox 252 2628 827 2695; baseline -0.014 -10"><span class='ocrx_word' id='word_1_174' title='bbox 252 2631 381 2685; x_wconf 81' lang='lat' dir='ltr'>Advenisse</span> <span class='ocrx_word' id='word_1_175' title='bbox 397 2646 460 2683; x_wconf 83' lang='lat' dir='ltr'>ratus</span> <span class='ocrx_word' id='word_1_176' title='bbox 475 2633 597 2695; x_wconf 79' lang='lat' dir='ltr'>Superos,</span> <span class='ocrx_word' id='word_1_177' title='bbox 616 2630 652 2678; x_wconf 83' lang='lat' dir='ltr'>hie</span> <span class='ocrx_word' id='word_1_178' title='bbox 667 2632 746 2695; x_wconf 78' lang='lat' dir='ltr'>panxit</span> <span class='ocrx_word' id='word_1_179' title='bbox 761 2628 827 2678; x_wconf 88' lang='lat' dir='ltr'>ultro</span> 
     </span>
     <span class='ocr_line' id='line_1_30' title="bbox 253 2704 889 2775; baseline -0.006 -13"><span class='ocrx_word' id='word_1_180' title='bbox 253 2710 302 2773; x_wconf 80' lang='lat' dir='ltr'>Qui</span> <span class='ocrx_word' id='word_1_181' title='bbox 319 2710 410 2762; x_wconf 81' lang='lat' dir='ltr'>dociles</span> <span class='ocrx_word' id='word_1_182' title='bbox 426 2708 457 2760; x_wconf 82' lang='lat' dir='ltr'>ad</span> <span class='ocrx_word' id='word_1_183' title='bbox 471 2704 531 2775; x_wconf 79' lang='lat' dir='ltr'>jussa</span> <span class='ocrx_word' id='word_1_184' title='bbox 547 2707 608 2756; x_wconf 79' lang='lat' dir='ltr'>feras</span> <span class='ocrx_word' id='word_1_185' title='bbox 621 2707 744 2766; x_wconf 75' lang='lat' dir='ltr'>habuere3</span> <span class='ocrx_word' id='word_1_186' title='bbox 760 2706 889 2775; x_wconf 72' lang='lat' dir='ltr'>virumque</span> 
     </span>
    </p>
   </div>
   <div class='ocr_carea' id='block_1_3' title="bbox 247 2781 997 3090">
    <p class='ocr_par' dir='ltr' id='par_1_3' title="bbox 249 2781 834 2911">
     <span class='ocr_line' id='line_1_31' title="bbox 249 2781 799 2856; baseline -0.018 -14"><span class='ocrx_word' id='word_1_187' title='bbox 249 2790 348 2856; x_wconf 70' lang='lat' dir='ltr'>Exigue</span> <span class='ocrx_word' id='word_1_188' title='bbox 364 2789 429 2841; x_wconf 82' lang='lat' dir='ltr'>ceffit</span> <span class='ocrx_word' id='word_1_189' title='bbox 443 2788 524 2839; x_wconf 82' lang='lat' dir='ltr'>manui</span> <span class='ocrx_word' id='word_1_190' title='bbox 543 2800 597 2851; x_wconf 83' lang='lat' dir='ltr'>pars</span> <span class='ocrx_word' id='word_1_191' title='bbox 613 2784 687 2834; x_wconf 84' lang='lat' dir='ltr'>altera</span> <span class='ocrx_word' id='word_1_192' title='bbox 701 2781 799 2834; x_wconf 84' lang='lat' dir='ltr'>muudi.</span> 
     </span>
     <span class='ocr_line' id='line_1_32' title="bbox 282 2858 834 2911; baseline -0.005 0"><span class='ocrx_word' id='word_1_193' title='bbox 282 2861 400 2911; x_wconf 80' lang='lat' dir='ltr'>Silvestree</span> <span class='ocrx_word' id='word_1_194' title='bbox 417 2859 512 2911; x_wconf 79' lang='lat' dir='ltr'>sbrbulie</span> <span class='ocrx_word' id='word_1_195' title='bbox 526 2858 641 2909; x_wconf 84' lang='lat' dir='ltr'>animalia</span> <span class='ocrx_word' id='word_1_196' title='bbox 655 2872 740 2907; x_wconf 69' lang='lat' dir='ltr'>cetera</span> <span class='ocrx_word' id='word_1_197' title='bbox 753 2872 834 2908; x_wconf 81' lang='lat' dir='ltr'>moret</span> 
     </span>
    </p>

    <p class='ocr_par' dir='ltr' id='par_1_4' title="bbox 247 2932 813 3004">
     <span class='ocr_line' id='line_1_33' title="bbox 247 2932 813 3004; baseline -0.002 -17"><span class='ocrx_word' id='word_1_198' title='bbox 247 2937 385 3004; x_wconf 86' lang='lat' dir='ltr'>Deposuere</span> <span class='ocrx_word' id='word_1_199' title='bbox 404 2956 411 2987; x_wconf 78' lang='lat' dir='ltr'>e</span> <span class='ocrx_word' id='word_1_200' title='bbox 428 2938 501 2988; x_wconf 79' lang='lat' dir='ltr'>boves</span> <span class='ocrx_word' id='word_1_201' title='bbox 516 2932 610 3001; x_wconf 81' lang='lat' dir='ltr'>aliquid</span> <span class='ocrx_word' id='word_1_202' title='bbox 625 2933 725 2984; x_wconf 82' lang='lat' dir='ltr'>feritatis</span> <span class='ocrx_word' id='word_1_203' title='bbox 742 2938 813 2986; x_wconf 72' lang='lat' dir='ltr'>avite</span> 
     </span>
    </p>

    <p class='ocr_par' dir='ltr' id='par_1_5' title="bbox 250 3008 997 3090">
     <span class='ocr_line' id='line_1_34' title="bbox 250 3008 997 3090; baseline 0.009 -25"><span class='ocrx_word' id='word_1_204' title='bbox 250 3017 346 3082; x_wconf 76' lang='lat' dir='ltr'>Semper</span> <span class='ocrx_word' id='word_1_205' title='bbox 355 3014 443 3069; x_wconf 77' lang='lat' dir='ltr'>habent</span> <span class='ocrx_word' id='word_1_206' title='bbox 452 3034 460 3077; x_wconf 77' lang='lat'>5</span> <span class='ocrx_word' id='word_1_207' title='bbox 471 3015 601 3085; x_wconf 77' lang='lat' dir='ltr'>primisque</span> <span class='ocrx_word' id='word_1_208' title='bbox 610 3010 655 3067; x_wconf 77' lang='lat' dir='ltr'>nifi</span> <span class='ocrx_word' id='word_1_209' title='bbox 665 3008 815 3070; x_wconf 68' lang='lat' dir='ltr'>denium</span> <span class='ocrx_word' id='word_1_210' title='bbox 822 3013 849 3068; x_wconf 72' lang='lat' dir='ltr'>dn</span> <span class='ocrx_word' id='word_1_211' title='bbox 858 3018 926 3073; x_wconf 63' lang='lat' dir='ltr'>inni·</span> <span class='ocrx_word' id='word_1_212' title='bbox 934 3052 947 3090; x_wconf 43' lang='grc' dir='ltr'><strong><em>ρ</em></strong></span> <span class='ocrx_word' id='word_1_213' title='bbox 992 3038 997 3049; x_wconf 90' lang='grc'>·</span> 
     </span>
    </p>
   </div>
   <div class='ocr_carea' id='block_1_4' title="bbox 0 0 1184 3975">
    <p class='ocr_par' dir='ltr' id='par_1_6' title="bbox 0 0 1184 3975">
     <span class='ocr_line' id='line_1_35' title="bbox 0 0 1184 3975; baseline 0 10"><span class='ocrx_word' id='word_1_214' title='bbox 0 0 1184 3975; x_wconf 95' lang='lat' dir='ltr'> </span> 
     </span>
    </p>
   </div>
  </div>
 </body>
</html>
