2359 3975
309 501 376 574 r4o
450 477 648 552 Pnnnrr
675 473 891 552 llusrrct

304 595 335 674 Er
351 617 401 668 quo
417 616 488 667 regna
506 599 584 650 solent
599 602 671 650 armis
688 600 821 666 opibusque
835 603 928 665 vigere.

303 673 371 728 Alter
385 680 448 726 enim
462 675 527 726 culto
544 677 626 725 census
643 692 687 725 nec
704 679 792 726 certior
809 693 890 743 agro,

303 751 401 805 Militi:
417 756 497 820 potior
513 769 590 818 neque
608 750 734 818 disciplina
751 772 758 801 ι
775 757 852 817 perito

304 831 376 881 Miles
391 833 420 880 ab
433 830 544 896 Agricola
558 827 586 878 fit
600 830 705 878 strenuus
719 844 790 896 atque
806 830 894 881 laboris

306 903 337 958 Et
352 908 421 958 lamis
437 919 464 957 ac
480 909 570 956 brume
588 910 679 970 patiens
696 920 703 954 ι
723 907 850 971 agrestibus
867 907 930 960 olim

305 986 384 1036 Roma
398 985 454 1034 viris
472 986 555 1033 orbem
573 981 669 1032 domuit
687 1001 693 1030 ι
710 981 760 1033 duo
778 983 880 1033 fulmina
894 981 954 1034 belll

306 1061 419 1129 Scipiadae
437 1061 645 1120 coluere-solum,
661 1059 787 1126 glebasque
801 1063 904 1111 ruebant

298 1140 360 1202 Qui
376 1141 447 1190 verse
465 1137 570 1189 cecidere
587 1155 660 1187 manu
676 1137 828 1204 Carthaginis
845 1156 919 1191 arces.

338 1219 396 1268 Non
410 1217 456 1268 alla
472 1218 505 1268 est
521 1216 614 1266 sceleris
630 1218 705 1281 magis
722 1233 802 1282 expers
816 1221 887 1278 vita,
907 1220 983 1270 Ιιειιο

307 1290 388 1354 Quim
402 1307 455 1357 quae
470 1305 521 1341 rure
536 1294 581 1355 piis
596 1293 674 1354 agitur
690 1289 798 1356 longaeva
809 1293 927 1354 colonis,

306 1366 444 1416 Ambitione
459 1364 561 1430 procul,
580 1364 713 1430 miseraque
725 1363 836 1431 cupidine
851 1367 922 1417 lucri.

307 1441 369 1492 ilinc
380 1442 506 1490 hominum
515 1454 625 1508 patrem,
636 1436 723 1489 mundi
732 1439 797 1490 Deus
807 1443 904 1505 audior,
916 1443 1018 1510 agrestes

306 1517 391 1573 Edidit
405 1524 466 1570 inter
480 1529 536 1585 opes
552 1539 558 1570 ι
576 1535 640 1568 retro
658 1520 790 1570 labentibus
804 1524 873 1572 mnis

307 1601 383 1650 Aurea
397 1597 414 1649 li
429 1615 476 1666 qua
490 1595 557 1648 dedit
571 1596 668 1646 mortali
683 1597 768 1646 secula
783 1601 872 1663 genti,

307 1673 426 1741 Agricolis
442 1672 529 1722 fluxere
542 1674 619 1730 viris,
638 1683 709 1735 atque
725 1670 790 1718 illius
807 1673 853 1721 tvi
964 1727 970 1734 ³

309 1754 333 1802 si
349 1767 396 1816 qua
409 1749 489 1799 relisis
504 1761 602 1797 manent
616 1747 733 1811 vestigia,
750 1747 965 1812 rutesupersun13

308 1827 390 1876 Floret
402 1829 442 1876 ubi
459 1828 524 1875 sacta
538 1825 663 1890 Relligio,
679 1824 803 1891 cultusque
818 1826 923 1890 supremi

308 1901 440 1960 Numinis;
455 1895 577 1950 unanimes
593 1900 635 1948 ubi
649 1902 754 1949 cernitur
771 1902 832 1948 inter
846 1903 940 1950 amicos
993 1918 995 1923 ·

309 1975 382 2031 Nuda
398 1974 456 2026 fides
469 2010 477 2035 ,
494 1971 571 2025 hostes
586 1975 649 2023 inter
665 1972 788 2039 placabilis
801 1976 857 2025 ire..

309 2054 357 2106 liic
374 2056 439 2107 tenui
456 2055 520 2104 viiiu
534 2040 659 2117 studioque
675 2050 763 2102 laboris
779 2051 876 2103 aluntur

309 2133 401 2183 iustitia
417 2136 442 2182 δι
458 2135 532 2197 pietas
549 2151 555 2182 ι
571 2134 665 2183 irritant
680 2129 770 2197 oppida
785 2131 890 2192 luxum,

309 2202 389 2255 Luxus
403 2207 526 2255 avariuatu
537 2220 545 2253 e
557 2203 631 2253 scelus
643 2204 693 2255 bec
706 2208 842 2270 prorumpit
851 2208 878 2253 in
887 2220 972 2255 omne.

343 2282 422 2344 Quare
434 2288 513 2351 agite,
529 2288 655 2351 antiquum
665 2288 737 2351 patrii
746 2300 884 2334 revocemus
896 2300 1007 2335 amorem

310 2360 380 2413 Ruris
392 2382 400 2422 3
419 2367 443 2413 bc
457 2364 580 2429 Agricolas
594 2380 671 2415 artem
686 2362 814 2415 doceamus
827 2362 951 2412 alumnam

311 2436 432 2500 Virtutis,
448 2440 504 2491 fidei
517 2446 651 2501 comitem,
665 2456 808 2506 morumque
824 2438 970 2505 magistram.

341 2514 473 2567 Mobilibus
487 2520 541 2567 sunt
553 2522 595 2583 qui
608 2522 711 2567 numeris
725 2516 841 2567 inileiiere
853 2532 963 2576 vocem,

308 2588 423 2649 Plaudere
435 2596 476 2657 qui
491 2591 590 2659 pedibur
602 2597 716 2653 choreas,
730 2596 772 2660 qui
783 2592 854 2642 cedis
868 2608 976 2643 amantes

308 2666 493 2738 fumantesque
507 2687 591 2721 manus
606 2675 632 2721 in
647 2686 730 2721 mutua
745 2670 849 2732 fttnera,
866 2686 1007 2736 promptam

309 2743 364 2796 Heu
376 2744 384 2795 i
398 2748 501 2795 nimium
515 2745 579 2795 ferro
595 2747 728 2797 monstrent
739 2746 858 2796 accersere
872 2758 989 2795 mortem.

342 2823 412 2873 Ruris
427 2836 455 2873 ιιι
471 2823 522 2887 ipsa
535 2824 577 2871 stro
595 2838 693 2889 quoque
706 2819 831 2886 disciplina
841 2820 962 2884 tmagistro

312 2898 442 2961 Gaudeat,
459 2904 483 2950 δι
503 2904 593 2965 campis
608 2902 650 2949 sun
663 2898 709 2949 fint
723 2913 838 2963 praeopta
852 2896 979 2947 colendis:

309 2975 369 3035 Quae
378 2980 476 3027 veniunt
486 2974 633 3041 properanda
641 2992 707 3025 novo
717 2979 769 3041 iarn
781 2976 841 3023 Vere
850 3008 858 3032 ‚
868 2970 929 3039 quid
940 2974 1007 3023 alin

311 3053 491 3118 Autumnusque
508 3066 626 3111 mouent,
643 3067 703 3117 quos
717 3066 771 3099 rure
784 3048 900 3114 domique
914 3049 1011 3101 laborer

311 3126 428 3195 Agricolir
441 3131 560 3194 permittit
572 3130 652 3197 biems
667 3130 775 3194 ignita,
790 3123 909 3187 docebor
946 3180 950 3187 ,
1030 3160 1036 3169 -
