<?xml version="1.0" encoding="UTF-8"?>
<!DOCTYPE html PUBLIC "-//W3C//DTD XHTML 1.0 Transitional//EN"
    "http://www.w3.org/TR/xhtml1/DTD/xhtml1-transitional.dtd">
<html xmlns="http://www.w3.org/1999/xhtml" xml:lang="en" lang="en">
 <head>
  <title>
</title>
<meta http-equiv="Content-Type" content="text/html;charset=utf-8" />
  <meta name='ocr-system' content='tesseract 3.04.00' />
  <meta name='ocr-capabilities' content='ocr_page ocr_carea ocr_par ocr_line ocrx_word'/>
</head>
<body>
  <div class='ocr_page' id='page_1' title='image "./jacobivanieriip00vanigoog/jacobivanieriip00vanigoog_0073.png"; bbox 0 0 2359 3975; ppageno 0'>
   <div class='ocr_carea' id='block_1_1' title="bbox 317 482 1052 559">
    <p class='ocr_par' dir='ltr' id='par_1_1' title="bbox 317 482 1052 559">
     <span class='ocr_line' id='line_1_1' title="bbox 317 482 1052 559; baseline -0.004 0"><span class='ocrx_word' id='word_1_1' title='bbox 317 485 362 559; x_wconf 85' lang='lat'>26</span> <span class='ocrx_word' id='word_1_2' title='bbox 455 482 949 557; x_wconf 69' lang='lat' dir='ltr'>Pranrrnvsrrcr&#39;</span> <span class='ocrx_word' id='word_1_3' title='bbox 1048 520 1052 534; x_wconf 92' lang='lat'><em>·</em></span> 
     </span>
    </p>
   </div>
   <div class='ocr_carea' id='block_1_2' title="bbox 313 603 942 749">
    <p class='ocr_par' dir='ltr' id='par_1_2' title="bbox 313 603 942 749">
     <span class='ocr_line' id='line_1_2' title="bbox 315 603 931 656; baseline 0 0"><span class='ocrx_word' id='word_1_4' title='bbox 315 603 420 656; x_wconf 82' lang='lat' dir='ltr'>Desinite</span> <span class='ocrx_word' id='word_1_5' title='bbox 436 603 509 654; x_wconf 81' lang='lat' dir='ltr'>veiim</span> <span class='ocrx_word' id='word_1_6' title='bbox 524 622 531 653; x_wconf 80' lang='grc' dir='ltr'><em>ι</em></span> <span class='ocrx_word' id='word_1_7' title='bbox 545 612 635 654; x_wconf 79' lang='lat' dir='ltr'>veteres</span> <span class='ocrx_word' id='word_1_8' title='bbox 652 606 746 655; x_wconf 84' lang='lat' dir='ltr'>imitare</span> <span class='ocrx_word' id='word_1_9' title='bbox 763 604 874 656; x_wconf 86' lang='lat' dir='ltr'>lotorum</span> <span class='ocrx_word' id='word_1_10' title='bbox 926 614 931 621; x_wconf 68' lang='lat'><strong>⁴</strong></span> 
     </span>
     <span class='ocr_line' id='line_1_3' title="bbox 313 681 942 749; baseline 0.002 -15"><span class='ocrx_word' id='word_1_11' title='bbox 313 682 453 749; x_wconf 59' lang='lat' dir='ltr'>Agricolam</span> <span class='ocrx_word' id='word_1_12' title='bbox 469 697 519 731; x_wconf 89' lang='lat' dir='ltr'>non</span> <span class='ocrx_word' id='word_1_13' title='bbox 534 685 613 733; x_wconf 84' lang='lat' dir='ltr'>omnis</span> <span class='ocrx_word' id='word_1_14' title='bbox 629 685 693 731; x_wconf 85' lang='lat' dir='ltr'>enim</span> <span class='ocrx_word' id='word_1_15' title='bbox 708 681 754 732; x_wconf 86' lang='lat' dir='ltr'>sert</span> <span class='ocrx_word' id='word_1_16' title='bbox 766 688 849 735; x_wconf 86' lang='lat' dir='ltr'>omnia</span> <span class='ocrx_word' id='word_1_17' title='bbox 862 684 942 735; x_wconf 86' lang='lat' dir='ltr'>tellus.</span> 
     </span>
    </p>
   </div>
   <div class='ocr_carea' id='block_1_3' title="bbox 314 760 1042 829">
    <p class='ocr_par' dir='ltr' id='par_1_3' title="bbox 314 760 1042 829">
     <span class='ocr_line' id='line_1_4' title="bbox 314 760 1042 829; baseline 0.003 -18"><span class='ocrx_word' id='word_1_18' title='bbox 314 762 366 829; x_wconf 89' lang='lat' dir='ltr'>Ipse</span> <span class='ocrx_word' id='word_1_19' title='bbox 380 764 502 813; x_wconf 84' lang='lat' dir='ltr'>Garumna</span> <span class='ocrx_word' id='word_1_20' title='bbox 516 763 558 811; x_wconf 91' lang='lat' dir='ltr'>suo</span> <span class='ocrx_word' id='word_1_21' title='bbox 573 760 676 827; x_wconf 80' lang='lat' dir='ltr'>populos</span> <span class='ocrx_word' id='word_1_22' title='bbox 692 764 733 828; x_wconf 89' lang='lat' dir='ltr'>qui</span> <span class='ocrx_word' id='word_1_23' title='bbox 749 764 836 828; x_wconf 70' lang='lat' dir='ltr'>spesiat</span> <span class='ocrx_word' id='word_1_24' title='bbox 848 766 875 813; x_wconf 91' lang='lat' dir='ltr'>in</span> <span class='ocrx_word' id='word_1_25' title='bbox 886 779 942 815; x_wconf 91' lang='lat' dir='ltr'>ortu</span> <span class='ocrx_word' id='word_1_26' title='bbox 1034 773 1042 813; x_wconf 87' lang='grc'>,’</span> 
     </span>
    </p>
   </div>
   <div class='ocr_carea' id='block_1_4' title="bbox 297 834 1000 1819">
    <p class='ocr_par' dir='ltr' id='par_1_4' title="bbox 311 834 932 906">
     <span class='ocr_line' id='line_1_5' title="bbox 311 834 932 906; baseline 0.003 -17"><span class='ocrx_word' id='word_1_27' title='bbox 311 840 449 905; x_wconf 76' lang='lat' dir='ltr'>forcipibus</span> <span class='ocrx_word' id='word_1_28' title='bbox 464 834 548 889; x_wconf 80' lang='lat' dir='ltr'>maffaa</span> <span class='ocrx_word' id='word_1_29' title='bbox 564 837 671 900; x_wconf 74' lang='lat' dir='ltr'>chalybis</span> <span class='ocrx_word' id='word_1_30' title='bbox 686 842 783 889; x_wconf 72' lang='lat' dir='ltr'>traiiare</span> <span class='ocrx_word' id='word_1_31' title='bbox 795 839 932 906; x_wconf 78' lang='lat' dir='ltr'>liquentes,</span> 
     </span>
    </p>

    <p class='ocr_par' dir='ltr' id='par_1_5' title="bbox 310 919 932 985">
     <span class='ocr_line' id='line_1_6' title="bbox 310 919 932 985; baseline 0 -16"><span class='ocrx_word' id='word_1_32' title='bbox 310 919 342 969; x_wconf 85' lang='lat' dir='ltr'>Et</span> <span class='ocrx_word' id='word_1_33' title='bbox 358 933 453 969; x_wconf 89' lang='lat' dir='ltr'>montes</span> <span class='ocrx_word' id='word_1_34' title='bbox 469 921 557 985; x_wconf 82' lang='lat' dir='ltr'>aperire</span> <span class='ocrx_word' id='word_1_35' title='bbox 575 934 666 976; x_wconf 79' lang='lat' dir='ltr'>cavos3</span> <span class='ocrx_word' id='word_1_36' title='bbox 683 922 821 984; x_wconf 83' lang='lat' dir='ltr'>peropima</span> <span class='ocrx_word' id='word_1_37' title='bbox 834 919 932 972; x_wconf 78' lang='lat' dir='ltr'>volutus</span> 
     </span>
    </p>

    <p class='ocr_par' dir='ltr' id='par_1_6' title="bbox 307 989 935 1057">
     <span class='ocr_line' id='line_1_7' title="bbox 307 989 935 1057; baseline -0.003 -14"><span class='ocrx_word' id='word_1_38' title='bbox 307 994 415 1052; x_wconf 61' lang='lat' dir='ltr'>Pascua,</span> <span class='ocrx_word' id='word_1_39' title='bbox 432 990 471 1043; x_wconf 85' lang='lat' dir='ltr'>vei</span> <span class='ocrx_word' id='word_1_40' title='bbox 487 992 564 1057; x_wconf 80' lang='lat' dir='ltr'>pressis</span> <span class='ocrx_word' id='word_1_41' title='bbox 578 989 684 1041; x_wconf 88' lang='lat' dir='ltr'>solidum</span> <span class='ocrx_word' id='word_1_42' title='bbox 700 990 737 1041; x_wconf 88' lang='lat' dir='ltr'>lac</span> <span class='ocrx_word' id='word_1_43' title='bbox 752 1007 836 1057; x_wconf 76' lang='lat' dir='ltr'>cogere</span> <span class='ocrx_word' id='word_1_44' title='bbox 851 992 935 1042; x_wconf 84' lang='lat' dir='ltr'>formis</span> 
     </span>
    </p>

    <p class='ocr_par' dir='ltr' id='par_1_7' title="bbox 305 1066 916 1137">
     <span class='ocr_line' id='line_1_8' title="bbox 305 1066 916 1137; baseline -0.005 -15"><span class='ocrx_word' id='word_1_45' title='bbox 305 1066 528 1137; x_wconf 70' lang='lat' dir='ltr'>Agricolasvidet,</span> <span class='ocrx_word' id='word_1_46' title='bbox 547 1084 587 1120; x_wconf 86' lang='lat' dir='ltr'>aut</span> <span class='ocrx_word' id='word_1_47' title='bbox 603 1070 681 1134; x_wconf 85' lang='lat' dir='ltr'>pomis</span> <span class='ocrx_word' id='word_1_48' title='bbox 697 1068 781 1119; x_wconf 81' lang='lat' dir='ltr'>instare</span> <span class='ocrx_word' id='word_1_49' title='bbox 795 1068 897 1120; x_wconf 88' lang='lat' dir='ltr'>serendis</span> <span class='ocrx_word' id='word_1_50' title='bbox 909 1089 916 1119; x_wconf 77' lang='lat' dir='ltr'>e</span> 
     </span>
    </p>

    <p class='ocr_par' dir='ltr' id='par_1_8' title="bbox 306 1148 904 1215">
     <span class='ocr_line' id='line_1_9' title="bbox 306 1148 904 1215; baseline -0.007 -15"><span class='ocrx_word' id='word_1_51' title='bbox 306 1152 421 1201; x_wconf 86' lang='lat' dir='ltr'>Triticeas</span> <span class='ocrx_word' id='word_1_52' title='bbox 437 1148 544 1215; x_wconf 89' lang='lat' dir='ltr'>posthinc</span> <span class='ocrx_word' id='word_1_53' title='bbox 562 1150 650 1213; x_wconf 82' lang='lat' dir='ltr'>segetes</span> <span class='ocrx_word' id='word_1_54' title='bbox 663 1149 783 1207; x_wconf 86' lang='lat' dir='ltr'>miratur,</span> <span class='ocrx_word' id='word_1_55' title='bbox 802 1163 904 1214; x_wconf 88' lang='lat' dir='ltr'>utroque</span> 
     </span>
    </p>

    <p class='ocr_par' dir='ltr' id='par_1_9' title="bbox 303 1222 1000 1366">
     <span class='ocr_line' id='line_1_10' title="bbox 303 1222 887 1293; baseline -0.003 -16"><span class='ocrx_word' id='word_1_56' title='bbox 303 1228 365 1278; x_wconf 84' lang='lat' dir='ltr'>Mox</span> <span class='ocrx_word' id='word_1_57' title='bbox 379 1229 542 1293; x_wconf 63' lang='lat' dir='ltr'>conspecturus</span> <span class='ocrx_word' id='word_1_58' title='bbox 558 1222 666 1290; x_wconf 77' lang='lat' dir='ltr'>gravidas</span> <span class='ocrx_word' id='word_1_59' title='bbox 681 1228 709 1273; x_wconf 90' lang='lat' dir='ltr'>in</span> <span class='ocrx_word' id='word_1_60' title='bbox 724 1226 805 1275; x_wconf 87' lang='lat' dir='ltr'>littore</span> <span class='ocrx_word' id='word_1_61' title='bbox 817 1228 887 1275; x_wconf 85' lang='lat' dir='ltr'>vires.</span> 
     </span>
     <span class='ocr_line' id='line_1_11' title="bbox 335 1299 1000 1366; baseline 0.002 -17"><span class='ocrx_word' id='word_1_62' title='bbox 335 1299 460 1366; x_wconf 84' lang='lat' dir='ltr'>Quidquid</span> <span class='ocrx_word' id='word_1_63' title='bbox 468 1302 528 1359; x_wconf 90' lang='lat' dir='ltr'>erit,</span> <span class='ocrx_word' id='word_1_64' title='bbox 539 1315 716 1366; x_wconf 87' lang='lat' dir='ltr'>quamcumque</span> <span class='ocrx_word' id='word_1_65' title='bbox 723 1300 766 1347; x_wconf 84' lang='lat' dir='ltr'>tibi</span> <span class='ocrx_word' id='word_1_66' title='bbox 774 1301 839 1364; x_wconf 89' lang='lat' dir='ltr'>spem</span> <span class='ocrx_word' id='word_1_67' title='bbox 845 1301 921 1365; x_wconf 81' lang='lat' dir='ltr'>patria</span> <span class='ocrx_word' id='word_1_68' title='bbox 928 1300 1000 1351; x_wconf 86' lang='lat' dir='ltr'>tellus</span> 
     </span>
    </p>

    <p class='ocr_par' dir='ltr' id='par_1_10' title="bbox 303 1370 852 1438">
     <span class='ocr_line' id='line_1_12' title="bbox 303 1370 852 1438; baseline 0 -16"><span class='ocrx_word' id='word_1_69' title='bbox 303 1374 414 1431; x_wconf 77' lang='lat' dir='ltr'>fecerit3</span> <span class='ocrx_word' id='word_1_70' title='bbox 432 1375 542 1438; x_wconf 85' lang='lat' dir='ltr'>antiquos</span> <span class='ocrx_word' id='word_1_71' title='bbox 559 1372 624 1421; x_wconf 87' lang='lat' dir='ltr'>serto</span> <span class='ocrx_word' id='word_1_72' title='bbox 638 1389 668 1421; x_wconf 89' lang='lat' dir='ltr'>ne</span> <span class='ocrx_word' id='word_1_73' title='bbox 685 1370 762 1438; x_wconf 85' lang='lat' dir='ltr'>dejice</span> <span class='ocrx_word' id='word_1_74' title='bbox 776 1372 852 1423; x_wconf 82' lang='lat' dir='ltr'>lucos.</span> 
     </span>
    </p>

    <p class='ocr_par' dir='ltr' id='par_1_11' title="bbox 299 1442 819 1510">
     <span class='ocr_line' id='line_1_13' title="bbox 299 1442 819 1510; baseline 0.004 -15"><span class='ocrx_word' id='word_1_75' title='bbox 299 1443 389 1510; x_wconf 79' lang='lat' dir='ltr'>Aspicis</span> <span class='ocrx_word' id='word_1_76' title='bbox 406 1442 491 1496; x_wconf 82' lang='lat' dir='ltr'>effosso</span> <span class='ocrx_word' id='word_1_77' title='bbox 510 1450 576 1496; x_wconf 88' lang='lat' dir='ltr'>terris</span> <span class='ocrx_word' id='word_1_78' title='bbox 593 1447 696 1496; x_wconf 80' lang='lat' dir='ltr'>carbone</span> <span class='ocrx_word' id='word_1_79' title='bbox 710 1446 819 1497; x_wconf 80' lang='lat' dir='ltr'>Britanni</span> 
     </span>
    </p>

    <p class='ocr_par' dir='ltr' id='par_1_12' title="bbox 298 1520 996 1591">
     <span class='ocr_line' id='line_1_14' title="bbox 298 1520 996 1591; baseline 0.007 -20"><span class='ocrx_word' id='word_1_80' title='bbox 298 1520 380 1583; x_wconf 78' lang='lat' dir='ltr'>Quim</span> <span class='ocrx_word' id='word_1_81' title='bbox 398 1522 461 1571; x_wconf 87' lang='lat' dir='ltr'>male</span> <span class='ocrx_word' id='word_1_82' title='bbox 476 1520 609 1573; x_wconf 74' lang='lat' dir='ltr'>dissolvunt</span> <span class='ocrx_word' id='word_1_83' title='bbox 623 1522 718 1588; x_wconf 84' lang='lat' dir='ltr'>frigus,</span> <span class='ocrx_word' id='word_1_84' title='bbox 736 1522 811 1589; x_wconf 72' lang='lat' dir='ltr'>quim</span> <span class='ocrx_word' id='word_1_85' title='bbox 825 1523 920 1575; x_wconf 77' lang='lat' dir='ltr'>dutiunr</span> <span class='ocrx_word' id='word_1_86' title='bbox 934 1541 996 1591; x_wconf 72' lang='lat' dir='ltr'>egre</span> 
     </span>
    </p>

    <p class='ocr_par' dir='ltr' id='par_1_13' title="bbox 299 1595 864 1665">
     <span class='ocr_line' id='line_1_15' title="bbox 299 1595 864 1665; baseline 0.004 -20"><span class='ocrx_word' id='word_1_87' title='bbox 299 1598 415 1661; x_wconf 77' lang='lat' dir='ltr'>Spiritus3</span> <span class='ocrx_word' id='word_1_88' title='bbox 432 1596 517 1647; x_wconf 85' lang='lat' dir='ltr'>infesto</span> <span class='ocrx_word' id='word_1_89' title='bbox 532 1595 576 1647; x_wconf 85' lang='lat' dir='ltr'>nisr</span> <span class='ocrx_word' id='word_1_90' title='bbox 593 1598 765 1647; x_wconf 87' lang='lat' dir='ltr'>tabescentibus</span> <span class='ocrx_word' id='word_1_91' title='bbox 780 1602 834 1665; x_wconf 81' lang='lat' dir='ltr'>igne</span> <span class='ocrx_word' id='word_1_92' title='bbox 861 1641 864 1647; x_wconf 91' lang='lat'><em>.</em></span> 
     </span>
    </p>

    <p class='ocr_par' dir='ltr' id='par_1_14' title="bbox 297 1675 947 1819">
     <span class='ocr_line' id='line_1_16' title="bbox 297 1675 897 1747; baseline 0.002 -22"><span class='ocrx_word' id='word_1_93' title='bbox 297 1675 477 1747; x_wconf 82' lang='lat' dir='ltr'>Monspelienfis</span> <span class='ocrx_word' id='word_1_94' title='bbox 494 1694 566 1743; x_wconf 92' lang='lat' dir='ltr'>opem</span> <span class='ocrx_word' id='word_1_95' title='bbox 582 1676 664 1727; x_wconf 89' lang='lat' dir='ltr'>tulerit</span> <span class='ocrx_word' id='word_1_96' title='bbox 678 1678 832 1742; x_wconf 84' lang='lat' dir='ltr'>pulmonibus</span> <span class='ocrx_word' id='word_1_97' title='bbox 850 1683 897 1726; x_wconf 74' lang='lat' dir='ltr'>air.</span> 
     </span>
     <span class='ocr_line' id='line_1_17' title="bbox 329 1752 947 1819; baseline 0.002 -16"><span class='ocrx_word' id='word_1_98' title='bbox 329 1752 440 1804; x_wconf 89' lang='lat' dir='ltr'>Circuitu</span> <span class='ocrx_word' id='word_1_99' title='bbox 454 1758 545 1819; x_wconf 84' lang='lat' dir='ltr'>majore</span> <span class='ocrx_word' id='word_1_100' title='bbox 560 1771 658 1814; x_wconf 82' lang='lat' dir='ltr'>novos,</span> <span class='ocrx_word' id='word_1_101' title='bbox 673 1756 729 1801; x_wconf 84' lang='lat' dir='ltr'>urbs</span> <span class='ocrx_word' id='word_1_102' title='bbox 740 1755 848 1815; x_wconf 85' lang='lat' dir='ltr'>inclyta,</span> <span class='ocrx_word' id='word_1_103' title='bbox 863 1771 947 1804; x_wconf 84' lang='lat' dir='ltr'>muros</span> 
     </span>
    </p>
   </div>
   <div class='ocr_carea' id='block_1_5' title="bbox 294 1828 895 1974">
    <p class='ocr_par' dir='ltr' id='par_1_15' title="bbox 294 1828 895 1974">
     <span class='ocr_line' id='line_1_18' title="bbox 295 1828 895 1890; baseline 0.002 -11"><span class='ocrx_word' id='word_1_104' title='bbox 295 1829 391 1879; x_wconf 83' lang='lat' dir='ltr'>Exstrue</span> <span class='ocrx_word' id='word_1_105' title='bbox 406 1848 413 1879; x_wconf 81' lang='lat' dir='ltr'>r</span> <span class='ocrx_word' id='word_1_106' title='bbox 429 1828 541 1880; x_wconf 84' lang='lat' dir='ltr'>divitibus</span> <span class='ocrx_word' id='word_1_107' title='bbox 558 1828 671 1879; x_wconf 86' lang='lat' dir='ltr'>decorata</span> <span class='ocrx_word' id='word_1_108' title='bbox 685 1831 797 1879; x_wconf 87' lang='lat' dir='ltr'>suburbia</span> <span class='ocrx_word' id='word_1_109' title='bbox 809 1832 895 1890; x_wconf 71' lang='lat' dir='ltr'>tetris,</span> 
     </span>
     <span class='ocr_line' id='line_1_19' title="bbox 294 1903 886 1974; baseline 0 -17"><span class='ocrx_word' id='word_1_110' title='bbox 294 1907 325 1957; x_wconf 87' lang='lat' dir='ltr'>Et</span> <span class='ocrx_word' id='word_1_111' title='bbox 339 1924 399 1974; x_wconf 90' lang='lat' dir='ltr'>quos</span> <span class='ocrx_word' id='word_1_112' title='bbox 415 1906 526 1956; x_wconf 72' lang='lat' dir='ltr'>versaliis</span> <span class='ocrx_word' id='word_1_113' title='bbox 542 1907 627 1971; x_wconf 86' lang='lat' dir='ltr'>hospes</span> <span class='ocrx_word' id='word_1_114' title='bbox 643 1903 749 1955; x_wconf 85' lang='lat' dir='ltr'>laudaret</span> <span class='ocrx_word' id='word_1_115' title='bbox 764 1909 790 1955; x_wconf 90' lang='lat' dir='ltr'>in</span> <span class='ocrx_word' id='word_1_116' title='bbox 804 1910 886 1973; x_wconf 77' lang='lat' dir='ltr'>agris,</span> 
     </span>
    </p>
   </div>
   <div class='ocr_carea' id='block_1_6' title="bbox 291 1982 957 2129">
    <p class='ocr_par' dir='ltr' id='par_1_16' title="bbox 291 1982 957 2129">
     <span class='ocr_line' id='line_1_20' title="bbox 294 1982 957 2052; baseline 0.006 -17"><span class='ocrx_word' id='word_1_117' title='bbox 294 1985 357 2036; x_wconf 84' lang='lat' dir='ltr'>iiinc</span> <span class='ocrx_word' id='word_1_118' title='bbox 374 1984 441 2036; x_wconf 87' lang='lat' dir='ltr'>illinc</span> <span class='ocrx_word' id='word_1_119' title='bbox 457 1982 546 2052; x_wconf 87' lang='lat' dir='ltr'>positos</span> <span class='ocrx_word' id='word_1_120' title='bbox 561 1982 702 2051; x_wconf 72' lang='lat' dir='ltr'>amplesiere</span> <span class='ocrx_word' id='word_1_121' title='bbox 717 1985 837 2036; x_wconf 77' lang='lat' dir='ltr'>monibus</span> <span class='ocrx_word' id='word_1_122' title='bbox 850 1986 934 2038; x_wconf 88' lang='lat' dir='ltr'>hortos</span> <span class='ocrx_word' id='word_1_123' title='bbox 947 2006 957 2048; x_wconf 74' lang='lat'>3</span> 
     </span>
     <span class='ocr_line' id='line_1_21' title="bbox 291 2061 826 2129; baseline 0.002 -17"><span class='ocrx_word' id='word_1_124' title='bbox 291 2061 366 2129; x_wconf 77' lang='lat' dir='ltr'>AEgra</span> <span class='ocrx_word' id='word_1_125' title='bbox 382 2061 503 2112; x_wconf 86' lang='lat' dir='ltr'>salutifero</span> <span class='ocrx_word' id='word_1_126' title='bbox 519 2064 626 2128; x_wconf 81' lang='lat' dir='ltr'>potiatur</span> <span class='ocrx_word' id='word_1_127' title='bbox 639 2077 666 2113; x_wconf 90' lang='lat' dir='ltr'>ut</span> <span class='ocrx_word' id='word_1_128' title='bbox 680 2067 732 2112; x_wconf 73' lang='lat' dir='ltr'>aire</span> <span class='ocrx_word' id='word_1_129' title='bbox 747 2077 826 2113; x_wconf 87' lang='lat' dir='ltr'>tecum</span> 
     </span>
    </p>
   </div>
   <div class='ocr_carea' id='block_1_7' title="bbox 292 2139 1026 2207">
    <p class='ocr_par' dir='ltr' id='par_1_17' title="bbox 292 2139 1026 2207">
     <span class='ocr_line' id='line_1_22' title="bbox 292 2139 1026 2207; baseline -0.003 -16"><span class='ocrx_word' id='word_1_130' title='bbox 292 2139 391 2200; x_wconf 84' lang='lat' dir='ltr'>Gallia,</span> <span class='ocrx_word' id='word_1_131' title='bbox 411 2155 463 2207; x_wconf 80' lang='lat' dir='ltr'>quae</span> <span class='ocrx_word' id='word_1_132' title='bbox 480 2139 575 2189; x_wconf 82' lang='lat' dir='ltr'>foculos</span> <span class='ocrx_word' id='word_1_133' title='bbox 592 2157 641 2189; x_wconf 91' lang='lat' dir='ltr'>uno</span> <span class='ocrx_word' id='word_1_134' title='bbox 658 2140 761 2190; x_wconf 77' lang='lat' dir='ltr'>carbone</span> <span class='ocrx_word' id='word_1_135' title='bbox 777 2140 917 2190; x_wconf 80' lang='lat' dir='ltr'>Britannum</span> <span class='ocrx_word' id='word_1_136' title='bbox 1021 2177 1026 2189; x_wconf 82' lang='grc'><strong>.</strong></span> 
     </span>
    </p>
   </div>
   <div class='ocr_carea' id='block_1_8' title="bbox 290 2215 958 2357">
    <p class='ocr_par' dir='ltr' id='par_1_18' title="bbox 290 2215 958 2357">
     <span class='ocr_line' id='line_1_23' title="bbox 290 2215 958 2286; baseline 0 -16"><span class='ocrx_word' id='word_1_137' title='bbox 290 2217 351 2270; x_wconf 79' lang='lat' dir='ltr'>Mox</span> <span class='ocrx_word' id='word_1_138' title='bbox 366 2217 437 2268; x_wconf 76' lang='lat' dir='ltr'>struet</span> <span class='ocrx_word' id='word_1_139' title='bbox 452 2215 483 2268; x_wconf 83' lang='lat' dir='ltr'>ad</span> <span class='ocrx_word' id='word_1_140' title='bbox 496 2220 590 2278; x_wconf 83' lang='lat' dir='ltr'>ritum,</span> <span class='ocrx_word' id='word_1_141' title='bbox 609 2218 677 2282; x_wconf 82' lang='lat' dir='ltr'>ligno</span> <span class='ocrx_word' id='word_1_142' title='bbox 691 2223 792 2268; x_wconf 84' lang='lat' dir='ltr'>caritura</span> <span class='ocrx_word' id='word_1_143' title='bbox 805 2237 813 2278; x_wconf 74' lang='lat'>3</span> <span class='ocrx_word' id='word_1_144' title='bbox 829 2221 958 2286; x_wconf 76' lang='lat' dir='ltr'>gravesque</span> 
     </span>
     <span class='ocr_line' id='line_1_24' title="bbox 290 2295 901 2357; baseline -0.003 -9"><span class='ocrx_word' id='word_1_145' title='bbox 290 2298 389 2349; x_wconf 85' lang='lat' dir='ltr'>Hauriet</span> <span class='ocrx_word' id='word_1_146' title='bbox 404 2301 429 2348; x_wconf 74' lang='grc' dir='ltr'>δι</span> <span class='ocrx_word' id='word_1_147' title='bbox 445 2297 544 2357; x_wconf 85' lang='lat' dir='ltr'>fumos,</span> <span class='ocrx_word' id='word_1_148' title='bbox 563 2300 589 2346; x_wconf 65' lang='grc' dir='ltr'>ὃ(</span> <span class='ocrx_word' id='word_1_149' title='bbox 605 2295 685 2346; x_wconf 81' lang='lat' dir='ltr'>anheli</span> <span class='ocrx_word' id='word_1_150' title='bbox 700 2298 789 2346; x_wconf 85' lang='lat' dir='ltr'>semina</span> <span class='ocrx_word' id='word_1_151' title='bbox 801 2297 880 2347; x_wconf 86' lang='lat' dir='ltr'>morbi</span> <span class='ocrx_word' id='word_1_152' title='bbox 893 2314 901 2356; x_wconf 75' lang='lat'>3</span> 
     </span>
    </p>
   </div>
   <div class='ocr_carea' id='block_1_9' title="bbox 185 2367 975 2444">
    <p class='ocr_par' dir='ltr' id='par_1_19' title="bbox 185 2367 975 2444">
     <span class='ocr_line' id='line_1_25' title="bbox 185 2367 975 2444; baseline -0.003 -21"><span class='ocrx_word' id='word_1_153' title='bbox 185 2393 197 2444; x_wconf 41' lang='grc'>,-</span> <span class='ocrx_word' id='word_1_154' title='bbox 290 2371 325 2423; x_wconf 92' lang='lat' dir='ltr'>Ni</span> <span class='ocrx_word' id='word_1_155' title='bbox 338 2385 437 2421; x_wconf 84' lang='lat' dir='ltr'>caveant</span> <span class='ocrx_word' id='word_1_156' title='bbox 449 2371 535 2438; x_wconf 86' lang='lat' dir='ltr'>quibus</span> <span class='ocrx_word' id='word_1_157' title='bbox 551 2370 583 2424; x_wconf 90' lang='lat' dir='ltr'>est</span> <span class='ocrx_word' id='word_1_158' title='bbox 598 2386 726 2422; x_wconf 85' lang='lat' dir='ltr'>nemorum</span> <span class='ocrx_word' id='word_1_159' title='bbox 736 2367 850 2420; x_wconf 81' lang='lat' dir='ltr'>mandata</span> <span class='ocrx_word' id='word_1_160' title='bbox 862 2369 975 2435; x_wconf 82' lang='lat' dir='ltr'>potestas.</span> 
     </span>
    </p>
   </div>
   <div class='ocr_carea' id='block_1_10' title="bbox 289 2447 990 2661">
    <p class='ocr_par' dir='ltr' id='par_1_20' title="bbox 289 2447 990 2661">
     <span class='ocr_line' id='line_1_26' title="bbox 322 2447 860 2514; baseline -0.004 -16"><span class='ocrx_word' id='word_1_161' title='bbox 322 2449 436 2498; x_wconf 69' lang='lat' dir='ltr'>Viiirices</span> <span class='ocrx_word' id='word_1_162' title='bbox 453 2447 538 2514; x_wconf 81' lang='lat' dir='ltr'>pelago</span> <span class='ocrx_word' id='word_1_163' title='bbox 557 2464 648 2507; x_wconf 80' lang='lat' dir='ltr'>naves,</span> <span class='ocrx_word' id='word_1_164' title='bbox 664 2450 758 2498; x_wconf 85' lang='lat' dir='ltr'>ramosa</span> <span class='ocrx_word' id='word_1_165' title='bbox 772 2447 860 2498; x_wconf 85' lang='lat' dir='ltr'>calenti</span> 
     </span>
     <span class='ocr_line' id='line_1_27' title="bbox 289 2522 990 2592; baseline 0.006 -16"><span class='ocrx_word' id='word_1_166' title='bbox 289 2525 366 2592; x_wconf 80' lang='lat' dir='ltr'>Ligna</span> <span class='ocrx_word' id='word_1_167' title='bbox 381 2525 437 2575; x_wconf 82' lang='lat' dir='ltr'>foco</span> <span class='ocrx_word' id='word_1_168' title='bbox 447 2559 456 2585; x_wconf 90' lang='lat'>,</span> <span class='ocrx_word' id='word_1_169' title='bbox 468 2522 630 2592; x_wconf 86' lang='lat' dir='ltr'>domibusque</span> <span class='ocrx_word' id='word_1_170' title='bbox 644 2525 738 2583; x_wconf 87' lang='lat' dir='ltr'>trabes,</span> <span class='ocrx_word' id='word_1_171' title='bbox 755 2528 780 2573; x_wconf 76' lang='grc' dir='ltr'>δι</span> <span class='ocrx_word' id='word_1_172' title='bbox 796 2540 872 2580; x_wconf 85' lang='lat' dir='ltr'>aratra</span> <span class='ocrx_word' id='word_1_173' title='bbox 882 2528 990 2590; x_wconf 83' lang='lat' dir='ltr'>juvencis</span> 
     </span>
     <span class='ocr_line' id='line_1_28' title="bbox 289 2597 872 2661; baseline -0.002 -7"><span class='ocrx_word' id='word_1_174' title='bbox 289 2601 396 2654; x_wconf 84' lang='lat' dir='ltr'>Sufficiat</span> <span class='ocrx_word' id='word_1_175' title='bbox 412 2600 499 2661; x_wconf 76' lang='lat' dir='ltr'>lucus3</span> <span class='ocrx_word' id='word_1_176' title='bbox 518 2597 559 2650; x_wconf 90' lang='lat' dir='ltr'>sed</span> <span class='ocrx_word' id='word_1_177' title='bbox 572 2602 680 2650; x_wconf 82' lang='lat' dir='ltr'>Avorum</span> <span class='ocrx_word' id='word_1_178' title='bbox 695 2604 793 2653; x_wconf 82' lang='lat' dir='ltr'>m‘unere</span> <span class='ocrx_word' id='word_1_179' title='bbox 806 2617 872 2653; x_wconf 81' lang='lat' dir='ltr'>natas</span> 
     </span>
    </p>
   </div>
   <div class='ocr_carea' id='block_1_11' title="bbox 288 2677 1089 2748">
    <p class='ocr_par' dir='ltr' id='par_1_21' title="bbox 288 2677 1089 2748">
     <span class='ocr_line' id='line_1_29' title="bbox 288 2677 1089 2748; baseline -0.001 -17"><span class='ocrx_word' id='word_1_180' title='bbox 288 2681 328 2732; x_wconf 86' lang='lat' dir='ltr'>Tu</span> <span class='ocrx_word' id='word_1_181' title='bbox 341 2695 437 2748; x_wconf 86' lang='lat' dir='ltr'>quoque</span> <span class='ocrx_word' id='word_1_182' title='bbox 452 2678 562 2730; x_wconf 78' lang='lat' dir='ltr'>silvarum</span> <span class='ocrx_word' id='word_1_183' title='bbox 576 2680 711 2729; x_wconf 86' lang='lat' dir='ltr'>transmitte</span> <span class='ocrx_word' id='word_1_184' title='bbox 726 2677 861 2744; x_wconf 80' lang='lat' dir='ltr'>Nepotibus</span> <span class='ocrx_word' id='word_1_185' title='bbox 875 2681 980 2734; x_wconf 83' lang='lat' dir='ltr'>umbras.</span> <span class='ocrx_word' id='word_1_186' title='bbox 1086 2729 1089 2735; x_wconf 15' lang='grc' dir='ltr'><em>Α</em></span> 
     </span>
    </p>
   </div>
   <div class='ocr_carea' id='block_1_12' title="bbox 322 2755 1041 2824">
    <p class='ocr_par' dir='ltr' id='par_1_22' title="bbox 322 2755 1041 2824">
     <span class='ocr_line' id='line_1_30' title="bbox 322 2755 1041 2824; baseline 0 -16"><span class='ocrx_word' id='word_1_187' title='bbox 322 2759 344 2808; x_wconf 95' lang='lat' dir='ltr'>O</span> <span class='ocrx_word' id='word_1_188' title='bbox 360 2759 367 2808; x_wconf 83' lang='lat' dir='ltr'>i</span> <span class='ocrx_word' id='word_1_189' title='bbox 383 2759 423 2808; x_wconf 89' lang='lat' dir='ltr'>ubi</span> <span class='ocrx_word' id='word_1_190' title='bbox 439 2773 548 2808; x_wconf 81' lang='lat' dir='ltr'>curarum</span> <span class='ocrx_word' id='word_1_191' title='bbox 565 2759 678 2823; x_wconf 74' lang='lat' dir='ltr'>requies,</span> <span class='ocrx_word' id='word_1_192' title='bbox 696 2755 814 2824; x_wconf 79' lang='lat' dir='ltr'>studiique</span> <span class='ocrx_word' id='word_1_193' title='bbox 828 2755 937 2808; x_wconf 77' lang='lat' dir='ltr'>levnnen</span> <span class='ocrx_word' id='word_1_194' title='bbox 1034 2766 1041 2778; x_wconf 87' lang='lat'><em>&#39;</em></span> 
     </span>
    </p>
   </div>
   <div class='ocr_carea' id='block_1_13' title="bbox 245 2833 985 3134">
    <p class='ocr_par' dir='ltr' id='par_1_23' title="bbox 245 2833 985 3134">
     <span class='ocr_line' id='line_1_31' title="bbox 287 2833 975 2903; baseline -0.006 -15"><span class='ocrx_word' id='word_1_195' title='bbox 287 2835 439 2888; x_wconf 74' lang='lat' dir='ltr'>frondosum</span> <span class='ocrx_word' id='word_1_196' title='bbox 452 2851 555 2894; x_wconf 86' lang='lat' dir='ltr'>nemus,</span> <span class='ocrx_word' id='word_1_197' title='bbox 572 2837 596 2883; x_wconf 74' lang='grc' dir='ltr'>δι</span> <span class='ocrx_word' id='word_1_198' title='bbox 610 2847 700 2884; x_wconf 84' lang='lat' dir='ltr'>veteres</span> <span class='ocrx_word' id='word_1_199' title='bbox 714 2850 771 2903; x_wconf 88' lang='lat' dir='ltr'>quas</span> <span class='ocrx_word' id='word_1_200' title='bbox 785 2833 864 2883; x_wconf 85' lang='lat' dir='ltr'>nostra</span> <span class='ocrx_word' id='word_1_201' title='bbox 878 2834 975 2885; x_wconf 72' lang='lat' dir='ltr'>Tolosa</span> 
     </span>
     <span class='ocr_line' id='line_1_32' title="bbox 245 2905 985 2972; baseline -0.005 -13"><span class='ocrx_word' id='word_1_202' title='bbox 245 2929 248 2934; x_wconf 93' lang='lat'>·</span> <span class='ocrx_word' id='word_1_203' title='bbox 287 2907 411 2959; x_wconf 86' lang='lat' dir='ltr'>Nutrierat</span> <span class='ocrx_word' id='word_1_204' title='bbox 426 2906 468 2958; x_wconf 84' lang='lat' dir='ltr'>fibi</span> <span class='ocrx_word' id='word_1_205' title='bbox 482 2910 607 2972; x_wconf 80' lang='lat' dir='ltr'>contiguas</span> <span class='ocrx_word' id='word_1_206' title='bbox 617 2905 752 2972; x_wconf 81' lang='lat' dir='ltr'>Campania</span> <span class='ocrx_word' id='word_1_207' title='bbox 766 2924 884 2972; x_wconf 82' lang='lat' dir='ltr'>quercus:</span> <span class='ocrx_word' id='word_1_208' title='bbox 976 2935 985 2955; x_wconf 68' lang='lat'><em>0</em></span> 
     </span>
     <span class='ocr_line' id='line_1_33' title="bbox 287 2982 955 3056; baseline 0 -18"><span class='ocrx_word' id='word_1_209' title='bbox 287 2985 382 3038; x_wconf 71' lang='lat' dir='ltr'>fiemus</span> <span class='ocrx_word' id='word_1_210' title='bbox 396 2984 491 3046; x_wconf 87' lang='lat' dir='ltr'>adhuc,</span> <span class='ocrx_word' id='word_1_211' title='bbox 507 2999 577 3056; x_wconf 83' lang='lat' dir='ltr'>atque</span> <span class='ocrx_word' id='word_1_212' title='bbox 591 2985 723 3049; x_wconf 87' lang='lat' dir='ltr'>hospitibus</span> <span class='ocrx_word' id='word_1_213' title='bbox 738 2983 818 3034; x_wconf 83' lang='lat' dir='ltr'>felicia</span> <span class='ocrx_word' id='word_1_214' title='bbox 831 2982 955 3050; x_wconf 75' lang='lat' dir='ltr'>quondam</span> 
     </span>
     <span class='ocr_line' id='line_1_34' title="bbox 287 3061 908 3134; baseline -0.003 -17"><span class='ocrx_word' id='word_1_215' title='bbox 287 3063 448 3118; x_wconf 75' lang='lat' dir='ltr'>Monstramur</span> <span class='ocrx_word' id='word_1_216' title='bbox 462 3063 516 3118; x_wconf 80' lang='lat' dir='ltr'>loca</span> <span class='ocrx_word' id='word_1_217' title='bbox 523 3098 533 3128; x_wconf 89' lang='lat'>,</span> <span class='ocrx_word' id='word_1_218' title='bbox 548 3079 602 3134; x_wconf 82' lang='lat' dir='ltr'>que</span> <span class='ocrx_word' id='word_1_219' title='bbox 613 3061 677 3116; x_wconf 74' lang='lat' dir='ltr'>vul:</span> <span class='ocrx_word' id='word_1_220' title='bbox 691 3065 839 3115; x_wconf 84' lang='lat' dir='ltr'>contermina</span> <span class='ocrx_word' id='word_1_221' title='bbox 853 3063 908 3115; x_wconf 86' lang='lat' dir='ltr'>luco</span> 
     </span>
    </p>
   </div>
   <div class='ocr_carea' id='block_1_14' title="bbox 1083 2983 1085 3035">
    <p class='ocr_par' dir='ltr' id='par_1_24' title="bbox 1083 2983 1085 3035">
     <span class='ocr_line' id='line_1_35' title="bbox 1083 2983 1085 3035; baseline 0 -10"><span class='ocrx_word' id='word_1_222' title='bbox 1083 2983 1085 3035; x_wconf 75' lang='lat' dir='ltr'>i</span> 
     </span>
    </p>
   </div>
   <div class='ocr_carea' id='block_1_15' title="bbox 0 0 1184 3975">
    <p class='ocr_par' dir='ltr' id='par_1_25' title="bbox 0 0 1184 3975">
     <span class='ocr_line' id='line_1_36' title="bbox 0 0 1184 3975; baseline 0 13"><span class='ocrx_word' id='word_1_223' title='bbox 0 0 1184 3975; x_wconf 95' lang='lat' dir='ltr'> </span> 
     </span>
    </p>
   </div>
  </div>
 </body>
</html>
