2359 3975
295 484 364 556 300
427 466 632 535 Pnnnrr
657 466 884 537 Rvsnrcr

292 582 324 631 Et
338 584 411 647 pigris
429 585 514 649 injeiia
527 581 594 634 vadis
603 618 613 643 ,
623 583 703 634 oblita
714 580 829 633 decorem

291 660 344 726 Ipsa
355 664 442 722 suum,
454 661 534 727 partus
545 666 570 711 dc
582 678 695 713 amotum
709 666 807 723 nescia,
818 666 896 713 vitam

291 734 374 784 Tristis
386 739 455 801 agir,
474 734 617 802 tardumque
632 737 707 788 refert
720 740 747 787 in
763 754 833 788 carrae
849 740 973 803 saporem.

291 810 375 863 Tadia
392 826 458 862 tanta
474 812 557 873 levat,
574 810 644 863 fessae
661 830 741 864 errore
753 817 850 865 viarum

275 915 277 921 ·
291 890 341 953 Qui
356 890 441 956 stagnis
456 888 560 949 affundit
575 907 647 956 aquae
657 908 667 950 3
679 892 809 958 Truteque
823 895 926 958 vaganti

290 968 404 1021 Providet
418 968 666 1034 hospitiumdabentis
681 966 713 1019 ad
723 969 784 1029 ostia
798 972 866 1029 rivi,

290 1046 323 1097 Et
336 1047 438 1097 mollem
454 1048 567 1098 menuae
583 1048 662 1111 ripam
678 1045 770 1105 restire·
776 1050 877 1113 perenni

288 1126 423 1187 Gramine,
436 1126 541 1192 fulgenti,
557 1126 640 1175 sabulo
657 1127 811 1191 conspergere
826 1124 932 1177 fundum
942 1164 954 1188 ,

289 1208 453 1273 Saxorumque
467 1207 678 1272 mota-lympham
695 1210 787 1257 irritare
803 1207 945 1273 loquacem.
1005 1235 1009 1243 ·

289 1284 389 1335 Talibus
408 1283 501 1335 auxiliis
516 1286 557 1335 vix
576 1284 653 1333 Truta
663 1284 754 1333 carebit
765 1302 773 1331 ι
783 1300 902 1349 aquarum

288 1358 385 1412 Gaudet
400 1362 465 1409 enim
480 1361 595 1425 strepitu;
607 1375 651 1409 nec
661 1394 670 1419 ,
680 1362 748 1425 queis
763 1360 878 1409 inclaruit
890 1359 974 1419 olim,

290 1436 375 1506 (cum
393 1431 478 1491 ta'citos
493 1437 584 1488 coleret
597 1440 667 1502 virgo
681 1436 767 1501 procul
781 1437 840 1485 urbe
853 1436 977 1508 recessus}

287 1514 414 1567 Dedidicit
430 1517 517 1581 priscos
526 1542 540 1575 ,·
552 1528 646 1565 mutato
662 1530 780 1578 corpore,
794 1529 884 1564 morer.

321 1594 459 1661 Purpureos,
469 1598 531 1646 ieter
545 1593 616 1645 flores
632 1595 780 1661 quercusque
795 1596 905 1642 virentes-

288 1670 342 1725 Ibat
354 1710 362 1735 ,
378 1678 402 1726 bt
416 1674 509 1739 ingenti
524 1672 606 1722 labent
619 1688 677 1720 cum
691 1686 815 1722 murmure
832 1687 921 1735 pronae

285 1748 364 1802 Rivur
383 1754 468 1819 agebat
483 1768 574 1820 aquas,
591 1752 743 1817 nemorisque
763 1748 854 1799 silentia
872 1766 951 1799 rauco

288 1830 412 1881 Trubabat
424 1830 529 1896 strepitu.
548 1830 596 1879 Sub
606 1830 690 1893 opacis
702 1827 800 1892 *frigora
813 1842 917 1891 captane

286 1906 406 1969 ilicibus,
422 1910 539 1973 vitreiqne
556 1904 639 1957 sedens
652 1908 680 1954 in
689 1907 796 1970 margine
810 1908 860 1954 rivi

286 1984 362 2035 Truta
375 1981 522 2036 verecundos
538 1981 658 2050 gaudebat
669 1980 760 2048 fingere
775 1981 879 2044 vultus,

283 2058 447 2126 Aureolosque
463 2059 510 2110 levi
526 2063 602 2110 crinea
619 2059 736 2108 innediere
751 2055 827 2108 nodo.
849 2121 854 2125 ¹

317 2136 363 2189 Ilia
375 2135 419 2187 srbi
432 2135 491 2188 dum
507 2136 558 2188 sola
573 2136 671 2202 placet,
683 2135 820 2201 {aciemque
834 2138 939 2187 venenis

284 2213 416 2276 inficiens,
433 2214 533 2269 maculis
547 2216 624 2266 variat
637 2213 786 2276 nigrantibus
799 2229 860 2271 στας

283 2289 356 2342 Haud
370 2292 454 2358 procul
469 2293 526 2344 binc
540 2305 582 2355 per
598 2285 672 2337 densa
683 2287 762 2349 ‘latent
778 2286 817 2337 fur
831 2288 903 2339 insita
916 2289 1019 2340 serarum

282 2367 370 2418 Lucius
387 2385 400 2418 e
413 2370 512 2422 latebris
528 2366 615 2418 oculor
627 2369 654 2414 in
669 2369 761 2432 virgine
779 2364 855 2432 figit,

282 2446 407 2496 incertum
425 2448 458 2497 est
474 2447 566 2512 opibus¹
576 2459 658 2510 capros
675 2461 708 2504 an2
721 2461 803 2494 amore
814 2464 823 2489 τ
834 2444 924 2496 decora

282 2519 348 2570 Nam
365 2521 437 2572 facies
452 2523 568 2587 vestisque
585 2522 637 2586 pari
657 2518 752 2584 strigon
767 2520 887 2570 nitebant.

281 2593 394 2643 Proxima
409 2593 480 2644 sensit
495 2595 535 2643 ubi
549 2597 656 2644 nemoris
672 2593 777 2659 virgulta
793 2600 903 2656 moveri,

280 2673 349 2724 Parit
364 2671 395 2724 ad
408 2675 511 2739 aspeiius
528 2676 637 2734 hominia
649 2676 773 2739 perterrita
789 2677 878 2738 virg03

280 2751 312 2802 Et
329 2766 382 2802 toto
399 2751 491 2817 fugiens
508 2754 564 2800 hinc
578 2750 647 2800 illinc
661 2749 743 2800 littore
754 2749 852 2810 ,Divos

279 2830 399 2892 Clamat,
414 2835 440 2881 δι
456 2834 481 2880 in
497 2831 568 2880 tantia
585 2826 694 2893 duplicat
709 2831 748 2892 pia
763 2841 823 2878 vota
839 2830 944 2893 periclis.

308 2910 433 2976 Praeruptae
448 2909 541 2958 suberat
556 2909 610 2973 rupi
623 2904 778 2957 nitididimur
788 2906 842 2959 alta

278 2987 371 3054 Gurges
386 3003 453 3055 aquae
462 3005 469 3040 r
478 2988 547 3039 cursu
562 2987 638 3050 virgo
647 2982 788 3035 conscendit
803 2986 893 3046 aubein
961 3039 968 3046 ‚
